3300 6050
433 883 482 941 AD
500 879 721 941 ANTONINUM
738 879 809 940 IMP.
830 877 877 938 ab
895 876 1048 939 INVIOEM
1064 875 1172 937 LIBER
1188 879 1209 935 Ι.
1352 875 1393 944 99

250 1060 426 1141 diocribus,
471 1059 555 1141 quod
593 1058 690 1122 ceteri
725 1055 821 1121 facile
860 1054 1003 1120 contenti
1041 1058 1117 1120 sunt
1148 1053 1254 1118 verbis
1288 1053 1392 1134 bonis,

251 1183 392 1227 summus
415 1161 522 1223 orator
543 1181 609 1223 non
633 1162 681 1223 est
702 1158 795 1222 bonis
819 1160 1000 1238 contentus,
1025 1156 1052 1219 si
1075 1157 1141 1219 sint
1163 1155 1229 1218 ulla
1250 1154 1392 1217 meliora.

336 1262 397 1328 Sed
419 1261 499 1324 haec
522 1264 609 1324 certo
636 1261 706 1323 loco
734 1281 772 1323 11
799 1263 943 1342 tempore
968 1258 1113 1341 pluribus
1141 1257 1191 1321 vel
1219 1258 1394 1321 scribemus

252 1365 290 1428 ad
319 1367 352 1428 te
379 1363 429 1427 vel
454 1344 560 1426 coram
590 1361 833 1445 colloquemur¹.
878 1359 925 1424 Ut
952 1359 1091 1442 voluisti,
1120 1358 1268 1441 Domine,
1299 1361 1332 1422 et
1358 1361 1395 1421 ut

250 1466 399 1530 valetudo
420 1485 492 1527 mea
513 1463 708 1547 postulabat,
732 1463 816 1526 domi
838 1461 954 1545 mansi,
986 1461 1108 1544 tibique
1124 1483 1194 1524 sum
1214 1464 1393 1545 praecatus,

251 1571 289 1630 ut
319 1566 436 1629 multos
473 1564 539 1628 dies
575 1565 701 1629 natales
731 1564 869 1628 liberum
900 1567 1029 1627 tuorum
1058 1584 1209 1646 prospere
1244 1561 1393 1625 celebres.

252 1668 344 1732 Pullo
376 1668 487 1730 nostro
515 1666 703 1730 tussiculam
730 1665 889 1730 sedaverit
916 1668 949 1728 11
977 1665 1044 1729 dies
1068 1664 1255 1728 clemencior
1284 1667 1323 1749 et,
1337 1687 1395 1726 nu-

252 1771 317 1833 trix
340 1769 418 1851 eius,
443 1767 470 1831 si
494 1768 572 1831 cibis
596 1767 772 1852 aptioribus
800 1770 963 1849 vescatur,
1010 1766 1118 1830 omnia
1143 1766 1230 1829 enim
1257 1765 1396 1828 remedia

254 1875 349 1954 atque
372 1869 496 1933 omnis2
517 1869 659 1933 medelae
681 1868 832 1933 fovendi3
854 1867 1031 1932 infantium
1051 1868 1200 1932 faucibus
1217 1868 1240 1952 ,a
1255 1868 1290 1931 in
1312 1868 1396 1931 lacte

204 2022 207 2028 -
254 1976 330 2037 sunt
352 1971 461 2035 sitaess.

337 2073 378 2136 In
399 2071 543 2135 oratione
568 2074 622 2135 tua
638 2071 804 2156 Cyzicena,
830 2095 902 2136 cum
924 2072 998 2136 deos
1019 2073 1226 2156 praecareris,
1255 2079 1325 2136 etsi
1341 2075 1397 2148 fos

254 2187 311 2253 est,
351 2173 493 2238 obsecro⁵
521 2173 686 2237 addidisti:
723 2175 806 2256 quod
835 2195 895 2257 ego
922 2195 973 2236 me
1005 2195 1072 2237 non
1105 2173 1237 2237 memini
1263 2173 1397 2258 legisse:

255 2276 415 2340 obsecrari
444 2274 530 2338 enim
558 2277 590 2336 11
617 2275 773 2338 resecrari
809 2275 944 2359 populus
978 2278 1034 2338 aut
1065 2276 1186 2339 iudices
1214 2275 1396 2338 solebantl:

256 2379 311 2441 sed
333 2377 404 2441 11116
425 2375 570 2439 forsitan·
585 2376 738 2438 memoria
765 2375 903 2460 fugerit:
930 2379 967 2438 tu
989 2377 1176 2460 diligentius
1200 2376 1397 2440 animadver-

255 2479 326 2543 tito.
370 2478 423 2542 Me
456 2498 579 2561 quoque
610 2477 766 2540 tussicula
780 2482 876 2542 vexat
908 2481 941 2542 et
972 2500 1087 2542 manus
1120 2478 1268 2542 dexterae
1289 2479 1396 2561 dolor,

255 2580 423 2643 mediocris
451 2578 594 2662 quidem,
624 2580 679 2643 sed
708 2579 762 2661 qui
791 2602 810 2642 a
838 2579 1043 2643 rescribenda
1068 2579 1233 2664 longiore⁷
1261 2581 1398 2664 epistula

256 2681 442 2764 inpedierit:
466 2680 583 2743 dictavi
605 2680 715 2765 igitur.

311 2841 319 2856 ,
341 2782 498 2857 Quoniam
524 2782 646 2845 mentio
674 2783 903 2862 παραλείψεω(
930 2782 1042 2847 habita
1070 2786 1128 2865 est,
1162 2805 1229 2847 non
1251 2783 1399 2847 omittam

257 2884 335 2968 quin
356 2886 389 2946 11
403 2883 587 2965 impertiam
608 2883 692 2966 quod
708 2883 746 2946 de
768 2883 873 2968 figura
887 2884 950 2946 ista
973 2885 1144 2949 studiosius
1167 2885 1398 2949 animadverte-

257 2986 327 3068 rim,
351 3006 455 3069 neque
477 3006 664 3069 graecorum
686 2989 848 3049 oratorum
869 3008 972 3070 neque
994 3008 1209 3069 romanorum,
1237 3009 1316 3071 quos
1339 3008 1399 3072 ego

256 3087 401 3172 legerim,
426 3087 605 3170 elegantius
627 3086 688 3149 hac
709 3087 814 3170 figura
836 3110 929 3150 usum
944 3110 1135 3171 quemquam
1150 3111 1245 3172 quam
1263 3089 1307 3152 M.
1323 3088 1399 3152 Por-

234 3258 235 3262 ,
258 3190 342 3253 cium
364 3189 398 3251 in
421 3211 459 3251 11
481 3188 634 3271 oratione,
665 3210 745 3271 quae
769 3194 806 3251 dc
828 3200 926 3253 sumtu
946 3211 1001 3253 suo
1022 3190 1237 3272 inscribitur0,
1278 3189 1313 3252 in
1336 3213 1398 3273 qua

258 3292 304 3354 sic
332 3291 394 3354 ait:
424 3289 531 3373 „Iussi
566 3289 748 3353 caudicem8
777 3289 928 3373 proferri,
962 3290 1018 3353 ubi
1050 3313 1122 3354 mea
1150 3291 1252 3354 oratio
1279 3292 1400 3374 scripta
1487 3373 1489 3376 ι

258 3395 328 3455 1111
358 3393 395 3455 11
424 3412 461 3454 11
488 3413 523 3454 11
552 3391 636 3474 quod
663 3391 868 3475 sponsionem
894 3392 1035 3455 feceram
1064 3414 1136 3456 curn
1157 3391 1201 3455 M.
1223 3392 1398 3456 (1111111119.

344 3578 360 3613 1
378 3564 412 3613 ln
429 3566 554 3629 morpine:
574 3559 674 3613 Omnia
690 3560 838 3613 infantium
855 3560 979 3613 remedia
997 3560 1051 3613 sita
1069 3562 1134 3613 sunt
1150 3559 1263 3615 11111111
1274 3561 1398 3615 nutricis.

342 3645 360 3699 b
380 3650 414 3698 In
431 3651 556 3714 margine:
576 3643 724 3698 Obsecrari
743 3687 858 3699 .....
877 3645 981 3698 iudices
999 3645 1127 3698 solebant
1145 3647 1194 3698 aut
1210 3645 1337 3715 populus.

343 3747 358 3784 c
378 3735 412 3783 In
429 3737 553 3797 margine:
572 3729 642 3782 Mire
665 3729 699 3781 de
721 3729 928 3797 paralempseos
950 3730 1040 3797 figura
1058 3729 1126 3782 Cato
1153 3748 1217 3782 usus
1236 3732 1277 3783 est
1292 3732 1322 3782 in
1340 3747 1399 3785 ora-

258 3817 334 3868 tione
353 3830 424 3882 quac
437 3814 471 3866 de
484 3816 576 3866 sumtu
588 3828 636 3866 suo
648 3813 817 3868 inscribitur.
831 3845 863 3852 -
880 3814 1000 3867 Exhibni
1011 3814 1083 3867 hanc
1094 3814 1242 3868 lectionem
1260 3815 1313 3868 fide
1326 3815 1400 3882 Maii,

259 3899 308 3953 sed
326 3898 453 3951 coniicio:
473 3901 550 3962 Quam
568 3900 643 3952 11111
661 3899 749 3967 paral.

345 4090 358 4136 1
376 4082 475 4137 Manus
493 4099 561 4137 sec:
580 4092 763 4155 conloqoemur.

344 4169 421 4222 1111
440 4166 539 4221 Codex.

344 4260 360 4306 3
379 4251 423 4305 Sic
442 4250 530 4305 altera
546 4270 656 4319 manns3
674 4272 716 4322 pr.
735 4272 786 4307 m:
805 4258 911 4322 offendi.
941 4254 1030 4308 Maius
1047 4256 1155 4310 mavult
1170 4247 1295 4323 ferendis.
1325 4258 1400 4326 Lege

259 4336 427 4391 Favorinum
445 4336 519 4405 apud
538 4337 657 4391 Gellium
674 4337 734 4405 ΧΠ,
748 4344 770 4391 l.

344 4428 361 4475 4
378 4419 478 4488 Incipit
495 4418 561 4474 Cod.
579 4421 643 4475 Vat.
661 4440 689 4491 p.
701 4427 758 4476 108.

345 4512 360 4559 5
378 4505 496 4559 Videtur
504 4504 637 4558 Frontoni
648 4508 763 4561 verbnm
772 4523 829 4561 non
837 4510 949 4562 solitum
958 4510 1086 4578 usurpari
1097 4511 1126 4563 in
1137 4510 1267 4580 precibus
1280 4511 1317 4564 ad
1326 4511 1401 4588 deos,

261 4593 304 4645 cui
323 4589 446 4661 opinioni
464 4590 576 4643 obstare
593 4590 722 4645 videntur
740 4609 812 4660 quae
831 4592 900 4645 dixit
912 4594 1010 4648 Festus
1021 4609 1080 4648 voc.
1095 4599 1126 4649 ob
1137 4616 1182 4650 uos
1193 4617 1278 4651 sacro.
1305 4602 1401 4651 Maius.

345 4682 360 4728 6
379 4674 484 4728 Codex:
503 4694 551 4741 em,
570 4674 619 4727 sed
638 4677 799 4731 correctum.

345 4765 360 4812 7
380 4759 485 4811 Codex:
504 4766 610 4828 longior.
646 4760 711 4813 Mox
728 4779 769 4832 pr.
789 4779 825 4815 111.
845 4768 938 4815 inillam
955 4777 1006 4830 pro
1025 4770 1141 4816 onn'ttom.

346 4848 361 4895 8
381 4842 446 4896 Cod.
465 4862 507 4912 pr.
526 4862 563 4897 m.
582 4851 727 4899 claudicem.
1371 4901 1373 4904 .

346 4927 444 4980 9Sine
467 4928 551 4998 dubio
574 4929 619 4983 hic
642 4930 684 4983 est
706 4930 860 4998 Cornelius,
890 4933 987 4986 contra
1013 4949 1095 5000 quem
1121 4931 1220 4985 habuit
1248 4932 1402 4986 orationem

1158 5017 1200 5082 7*
