3300 6050
462 869 510 925 An
529 869 772 925 1111111111
789 869 836 924 11
856 834 1197 925 11111111111111.
1358 872 1399 936 53

257 1043 447 1108 Alcibiaden
470 1064 544 1107 vero
567 1047 749 1126 ceterosque
773 1042 985 1105 adulescentis
1008 1063 1126 1125 genere
1148 1044 1204 1104 aut
1219 1041 1323 1105 forma
1345 1045 1400 1118 aut

257 1146 369 1230 opibus
406 1147 528 1209 feroces
562 1167 624 1229 quo
659 1148 754 1228 pacto
788 1145 950 1227 appellare
984 1144 1085 1227 adque
1116 1143 1219 1206 adfari
1253 1144 1399 1207 solebat?

257 1269 314 1331 per
334 1247 473 1332 iurgium
497 1270 539 1310 an
561 1269 618 1330 per
633 1245 823 1312 uolutau'?
852 1246 1073 1328 exprobrando
1101 1246 1217 1309 acriter
1239 1268 1319 1329 quae
1347 1247 1399 1310 de-

255 1349 439 1433 linquerent
465 1372 506 1413 an
528 1349 646 1413 leniter
669 1348 857 1432 arguendo?
899 1347 1011 1431 Neque
1039 1348 1148 1411 deerat
1177 1347 1301 1412 Socrati
1327 1370 1399 1432 pro·

255 1452 341 1516 fecto
368 1453 510 1536 gravitas
545 1454 601 1514 aut
632 1451 694 1533 vis,
733 1449 923 1533 quantum³²
953 1450 1083 1533 cynicus
1111 1450 1272 1534 Diogenes
1304 1451 1399 1535 volgo

257 1553 434 1617 saeviebat:
471 1553 526 1617 sed
562 1553 643 1616 vidit
676 1552 821 1635 profecto
857 1552 990 1636 ingenia
1023 1552 1142 1635 partim
1170 1551 1335 1615 hominum
1361 1575 1399 1616 ac

255 1655 426 1739 praecipue
459 1655 711 1718 adulescentium
738 1654 865 1717 facilius
900 1654 1001 1717 comi³
1030 1655 1132 1737 adque
1165 1653 1297 1717 adfabili
1330 1676 1398 1718 ora-

255 1757 343 1821 tione
365 1756 458 1820 leniri
481 1779 577 1841 quam
602 1757 668 1820 acri
690 1755 893 1839 violentaque
921 1756 1075 1840 superari.
1120 1753 1232 1838 Itaque
1260 1777 1326 1819 non
1356 1757 1399 1820 vi·

255 1860 337 1922 uiis4
366 1880 469 1941 neque
493 1858 644 1922 arietibus
668 1880 789 1922 errores
813 1857 1065 1921 adulescentium
1088 1858 1312 1942 expugnabat,
1343 1859 1398 1922 sed

256 1960 411 2025 cuniculis
433 1961 621 2024 subruebat:
651 1981 754 2042 neque
782 1982 932 2043 umquam
960 1961 1000 2023 nb
1029 1982 1066 2024 eo
1094 1960 1254 2024 auditores
1283 1961 1398 2024 disces-

255 2084 323 2127 sere
346 2063 489 2144 lacerati,
515 2063 569 2126 sed
591 2083 832 2144 nonnumquam
861 2061 1011 2125 lacessiti.
1034 2061 1095 2125 Est
1110 2062 1196 2125 enim
1219 2083 1320 2146 genus
1343 2062 1398 2126 ho-

255 2166 378 2228 minum
409 2168 527 2228 natura
559 2163 794 2227 insectantibus
823 2163 1024 2245 indomitum,
1055 2163 1296 2227 blandientibus
1322 2185 1398 2228 eon-

256 2267 408 2331 ciliatum.
454 2264 557 2340 Quam
579 2265 619 2328 ob
642 2287 709 2329 rem
731 2265 859 2328 facilius
880 2265 1054 2348 precariis⁵
1077 2266 1273 2348 decedimus,
1303 2288 1398 2349 quam

254 2368 402 2431 violentis
425 2369 635 2450 deterremur,
660 2367 794 2450 plusque
817 2367 856 2429 ad
879 2368 1104 2451 corrigendum
1118 2371 1307 2451 promovent
1324 2390 1398 2432 con·

254 2469 327 2533 silia
349 2492 444 2553 quam
466 2469 580 2553 iurgia.
626 2468 678 2531 Ita
707 2469 850 2532 comitati
878 2469 1080 2533 monentium
1102 2469 1320 2553 obsequimur,
1348 2470 1397 2535 11-

255 2571 442 2635 clementiae
465 2570 704 2655 obiurgantium
727 2570 934 2634 obnitimur.b
1341 2577 1345 2585 '

622 2739 721 2805 XVI.
757 2739 909 2806 Dourino
931 2740 1018 2806 Meo.

296 2903 297 2907 ¹
338 2875 429 2951 Quod
449 2879 486 2939 11
501 2899 551 2940 me
574 2879 668 2958 putes
691 2897 838 2939 somnum
861 2875 981 2960 cepisse
989 2877 1011 2960 ⁰,
1034 2880 1137 2941 totam
1151 2901 1254 2961 paene
1269 2884 1397 2945 noctem

253 2977 461 3063 pervigilavi,
488 3000 614 3043 mecum
635 2979 703 3063 ipse
725 2981 890 3063 reputans,
919 3001 997 3042 uum
1018 2979 1102 3044 forte
1129 2979 1267 3067 11111117
1290 3004 1396 3047 amore

252 3080 300 3143 tui
322 3080 485 3144 remissius
508 3083 540 3144 et
564 3080 751 3144 clementius
775 3080 947 3144 delictum8
976 3082 1103 3166 aliquod
1125 3086 1216 3146 tuum
1239 3088 1395 3148 aestuma-

252 3204 334 3266 rem3
367 3204 446 3246 num
472 3186 509 3246 tu
531 3182 708 3246 ordinatior
734 3182 908 3265 perfectior
935 3183 1000 3247 iam
1033 3183 1291 3267 1111111111119
1327 3208 1396 3250 esse

337 3402 354 3440 a
372 3389 405 3439 In
423 3391 551 3455 ruarpine:
573 3386 605 3437 ln
623 3384 689 3439 alio:
709 3385 851 3453 quantam.

336 3471 354 3524 b
375 3475 406 3524 In
425 3477 551 3539 maraine:
569 3472 594 3524 A
606 3470 721 3525 Socrate
740 3470 881 3524 auditores
893 3469 1041 3525 discessere
1053 3471 1170 3525 lacerati
1181 3472 1230 3527 sed
1242 3491 1394 3542 numquam

250 3556 381 3610 lacessiti.
401 3555 450 3608 Est
462 3554 536 3608 enim
706 3555 892 3612 conciliatum.
909 3555 974 3609 Plus
992 3556 1028 3610 ad
1047 3556 1242 3625 corrigendum

251 3640 411 3695 obnitimur.

336 3835 350 3881 1
368 3828 473 3882 Dubito
492 3829 526 3881 de
544 3828 597 3882 hac
615 3845 689 3882 voce.
718 3827 847 3882 Fortasse
865 3828 970 3882 Fronto
988 3828 1027 3881 sio
1044 3828 1130 3882 vertit
1141 3830 1297 3884 Romanum
1314 3849 1395 3886 voca·

201 3907 203 3912 ⁴
250 3912 358 3967 bulum:
381 3918 520 3967 urbanitas.
565 3913 601 3965 Et
618 3913 698 3966 video
722 3930 794 3967 nunc
817 3912 970 3983 Hauptium
994 3912 1111 3967 eandem
1133 3915 1299 3970 sententiam
1321 3917 1394 3971 tueri

209 4002 210 4006 ’
249 3996 323 4051 laud.
343 3997 440 4066 Polyb.
453 3997 580 4051 XXIVa
599 3999 627 4051 et
646 3996 706 4051 aliis
723 3996 798 4051 locis.
836 3996 955 4051 Orellius
973 3996 1070 4051 scribit
1087 4000 1228 4067 γοητείαν.

335 4088 350 4135 2
369 4082 487 4136 Orellius
505 4082 613 4136 mavult
631 4094 733 4151 quatrio,
751 4082 889 4151 Hauptius
907 4094 1012 4152 quamn.

334 4166 434 4221 30011.
453 4185 495 4235 pr.
515 4185 550 4220 m.
571 4176 664 4222 euirati.

332 4251 410 4305 4Ita
428 4250 527 4305 Codex.

334 4342 349 4390 5
367 4336 411 4389 Ita
429 4334 528 4389 Codex.

335 4428 349 4474 6
369 4420 475 4474 Codex:
495 4425 618 4487 coepisse.

333 4493 467 4574 iincipa
485 4502 550 4558 ooo.
569 4503 633 4558 rat.
652 4522 679 4573 p.
692 4510 748 4558 11.

333 4595 349 4643 8
368 4588 472 4643 Codex:
492 4594 614 4642 dilectum.
1325 4637 1327 4641 .

333 4672 432 4727 eccd.
451 4691 493 4743 pr.
514 4691 549 4725 m.
573 4679 746 4742 eloquentiam.
787 4672 923 4740 Loquitur
944 4674 1048 4728 Fronto
1071 4674 1106 4728 de
1127 4690 1235 4742 nupera
1256 4676 1391 4743 oratione,

248 4774 333 4824 quam
349 4757 459 4810 Marcus
476 4757 506 4810 11
523 4758 622 4811 senatu
639 4757 785 4822 habuerat,
809 4758 841 4809 ut
859 4758 1065 4826 esequentibus
1083 4757 1209 4827 epistulis
1227 4759 1343 4825 constat,
1360 4761 1391 4814 ln

248 4858 303 4908 qua
320 4841 514 4907 Parthicarum
532 4859 625 4896 reru-m
643 4841 747 4896 mentio
766 4842 865 4895 fuerat.
897 4846 991 4897 Maius.
1018 4844 1072 4897 Pro
1091 4847 1235 4898 ordinatior
1252 4842 1389 4913 Hauptius

248 4924 343 4979 scribit
361 4932 486 4981 ornatior.
