<?xml version="1.0" encoding="UTF-8"?>
<!DOCTYPE html PUBLIC "-//W3C//DTD XHTML 1.0 Transitional//EN"
    "http://www.w3.org/TR/xhtml1/DTD/xhtml1-transitional.dtd">
<html xmlns="http://www.w3.org/1999/xhtml" xml:lang="en" lang="en">
 <head>
  <title>
</title>
<meta http-equiv="Content-Type" content="text/html;charset=utf-8" />
  <meta name='ocr-system' content='tesseract 3.04.00' />
  <meta name='ocr-capabilities' content='ocr_page ocr_carea ocr_par ocr_line ocrx_word'/>
</head>
<body>
  <div class='ocr_page' id='page_1' title='image "./mcorneliifronto00frongoog/mcorneliifronto00frongoog_0122.png"; bbox 0 0 3300 6050; ppageno 0'>
   <div class='ocr_carea' id='block_1_1' title="bbox 332 835 1259 908">
    <p class='ocr_par' dir='ltr' id='par_1_1' title="bbox 332 835 1259 908">
     <span class='ocr_line' id='line_1_1' title="bbox 332 835 1259 908; baseline 0.004 -12"><span class='ocrx_word' id='word_1_1' title='bbox 332 840 374 908; x_wconf 73' lang='lat'>82</span> <span class='ocrx_word' id='word_1_2' title='bbox 542 837 578 898; x_wconf 88' lang='lat' dir='ltr'>M.</span> <span class='ocrx_word' id='word_1_3' title='bbox 593 835 761 898; x_wconf 77' lang='lat' dir='ltr'>CORNELII</span> <span class='ocrx_word' id='word_1_4' title='bbox 778 837 985 900; x_wconf 75' lang='lat' dir='ltr'>PRONTONIS</span> <span class='ocrx_word' id='word_1_5' title='bbox 1003 837 1259 900; x_wconf 75' lang='lat' dir='ltr'>EPISTULARUM</span> 
     </span>
    </p>
   </div>
   <div class='ocr_carea' id='block_1_2' title="bbox 307 1013 1472 1713">
    <p class='ocr_par' dir='ltr' id='par_1_2' title="bbox 307 1013 1472 1713">
     <span class='ocr_line' id='line_1_2' title="bbox 331 1013 1472 1103; baseline 0.004 -26"><span class='ocrx_word' id='word_1_6' title='bbox 331 1013 397 1097; x_wconf 83' lang='lat' dir='ltr'>dor,</span> <span class='ocrx_word' id='word_1_7' title='bbox 431 1018 586 1098; x_wconf 85' lang='lat' dir='ltr'>quantam</span> <span class='ocrx_word' id='word_1_8' title='bbox 607 1014 810 1080; x_wconf 86' lang='lat' dir='ltr'>vexationem</span> <span class='ocrx_word' id='word_1_9' title='bbox 831 1017 892 1080; x_wconf 89' lang='lat' dir='ltr'>tibi</span> <span class='ocrx_word' id='word_1_10' title='bbox 913 1017 974 1080; x_wconf 92' lang='lat' dir='ltr'>iste</span> <span class='ocrx_word' id='word_1_11' title='bbox 997 1017 1086 1080; x_wconf 88' lang='lat' dir='ltr'>dolor</span> <span class='ocrx_word' id='word_1_12' title='bbox 1108 1018 1232 1081; x_wconf 87' lang='lat' dir='ltr'>adferre</span> <span class='ocrx_word' id='word_1_13' title='bbox 1255 1019 1365 1102; x_wconf 79' lang='lat' dir='ltr'>soleat,</span> <span class='ocrx_word' id='word_1_14' title='bbox 1400 1041 1472 1103; x_wconf 84' lang='lat' dir='ltr'>gra-</span> 
     </span>
     <span class='ocr_line' id='line_1_3' title="bbox 329 1109 1472 1204; baseline 0.004 -25"><span class='ocrx_word' id='word_1_15' title='bbox 329 1117 492 1180; x_wconf 88' lang='lat' dir='ltr'>vissimam</span> <span class='ocrx_word' id='word_1_16' title='bbox 524 1109 772 1181; x_wconf 90' lang='lat' dir='ltr'>sollicitudinem</span> <span class='ocrx_word' id='word_1_17' title='bbox 807 1118 923 1202; x_wconf 88' lang='lat' dir='ltr'>patior.</span> <span class='ocrx_word' id='word_1_18' title='bbox 973 1117 1035 1182; x_wconf 85' lang='lat' dir='ltr'>Sed</span> <span class='ocrx_word' id='word_1_19' title='bbox 1068 1141 1119 1183; x_wconf 91' lang='lat' dir='ltr'>me</span> <span class='ocrx_word' id='word_1_20' title='bbox 1146 1119 1241 1202; x_wconf 82' lang='lat' dir='ltr'>levat,</span> <span class='ocrx_word' id='word_1_21' title='bbox 1270 1121 1354 1203; x_wconf 90' lang='lat' dir='ltr'>quod</span> <span class='ocrx_word' id='word_1_22' title='bbox 1381 1143 1472 1204; x_wconf 89' lang='lat' dir='ltr'>spero</span> 
     </span>
     <span class='ocr_line' id='line_1_4' title="bbox 328 1217 1471 1305; baseline 0.005 -26"><span class='ocrx_word' id='word_1_23' title='bbox 328 1217 383 1280; x_wconf 90' lang='lat' dir='ltr'>illo</span> <span class='ocrx_word' id='word_1_24' title='bbox 406 1220 520 1302; x_wconf 85' lang='lat' dir='ltr'>spatie,</span> <span class='ocrx_word' id='word_1_25' title='bbox 555 1241 617 1303; x_wconf 92' lang='lat' dir='ltr'>quo</span> <span class='ocrx_word' id='word_1_26' title='bbox 644 1221 866 1303; x_wconf 71' lang='lat' dir='ltr'>perferebatur</span> <span class='ocrx_word' id='word_1_27' title='bbox 894 1219 975 1283; x_wconf 90' lang='lat' dir='ltr'>huc¹</span> <span class='ocrx_word' id='word_1_28' title='bbox 1009 1221 1153 1303; x_wconf 57' lang='lat' dir='ltr'>nuntius»,</span> <span class='ocrx_word' id='word_1_29' title='bbox 1187 1223 1328 1305; x_wconf 85' lang='lat' dir='ltr'>potuisse</span> <span class='ocrx_word' id='word_1_30' title='bbox 1362 1223 1471 1285; x_wconf 78' lang='lat' dir='ltr'>cedere</span> 
     </span>
     <span class='ocr_line' id='line_1_5' title="bbox 328 1319 1471 1387; baseline 0.003 -5"><span class='ocrx_word' id='word_1_31' title='bbox 328 1319 479 1383; x_wconf 87' lang='lat' dir='ltr'>fomentis</span> <span class='ocrx_word' id='word_1_32' title='bbox 502 1324 534 1384; x_wconf 85' lang='lat' dir='ltr'>et</span> <span class='ocrx_word' id='word_1_33' title='bbox 556 1322 702 1384; x_wconf 86' lang='lat' dir='ltr'>remediis</span> <span class='ocrx_word' id='word_1_34' title='bbox 725 1343 854 1386; x_wconf 88' lang='lat' dir='ltr'>omnem</span> <span class='ocrx_word' id='word_1_35' title='bbox 874 1321 964 1385; x_wconf 83' lang='lat' dir='ltr'>illam</span> <span class='ocrx_word' id='word_1_36' title='bbox 987 1322 1051 1385; x_wconf 90' lang='lat' dir='ltr'>vim</span> <span class='ocrx_word' id='word_1_37' title='bbox 1073 1323 1199 1386; x_wconf 79' lang='lat' dir='ltr'>doloris,</span> <span class='ocrx_word' id='word_1_38' title='bbox 1244 1322 1311 1386; x_wconf 88' lang='lat' dir='ltr'>Nos</span> <span class='ocrx_word' id='word_1_39' title='bbox 1335 1325 1471 1387; x_wconf 85' lang='lat' dir='ltr'>aestivos</span> 
     </span>
     <span class='ocr_line' id='line_1_6' title="bbox 329 1422 1470 1508; baseline 0.004 -24"><span class='ocrx_word' id='word_1_40' title='bbox 329 1422 448 1486; x_wconf 85' lang='lat' dir='ltr'>calores</span> <span class='ocrx_word' id='word_1_41' title='bbox 478 1422 582 1486; x_wconf 87' lang='lat' dir='ltr'>adhuc</span> <span class='ocrx_word' id='word_1_42' title='bbox 610 1423 820 1507; x_wconf 79' lang='lat' dir='ltr'>experimurz·</span> <span class='ocrx_word' id='word_1_43' title='bbox 836 1424 892 1487; x_wconf 86' lang='lat' dir='ltr'>sed</span> <span class='ocrx_word' id='word_1_44' title='bbox 915 1446 986 1488; x_wconf 92' lang='lat' dir='ltr'>cum</span> <span class='ocrx_word' id='word_1_45' title='bbox 1008 1425 1158 1508; x_wconf 85' lang='lat' dir='ltr'>parvolae</span> <span class='ocrx_word' id='word_1_46' title='bbox 1180 1428 1325 1508; x_wconf 82' lang='lat' dir='ltr'>nostrae,</span> <span class='ocrx_word' id='word_1_47' title='bbox 1354 1426 1470 1488; x_wconf 86' lang='lat' dir='ltr'>dixisse</span> 
     </span>
     <span class='ocr_line' id='line_1_7' title="bbox 307 1512 1470 1611; baseline 0.003 -25"><span class='ocrx_word' id='word_1_48' title='bbox 307 1512 432 1607; x_wconf 45' lang='lat' dir='ltr'>&#39;liceat</span> <span class='ocrx_word' id='word_1_49' title='bbox 458 1526 620 1590; x_wconf 89' lang='lat' dir='ltr'>commode</span> <span class='ocrx_word' id='word_1_50' title='bbox 641 1526 781 1609; x_wconf 80' lang='lat' dir='ltr'>valeant,</span> <span class='ocrx_word' id='word_1_51' title='bbox 810 1548 899 1589; x_wconf 90' lang='lat' dir='ltr'>mera</span> <span class='ocrx_word' id='word_1_52' title='bbox 927 1526 1115 1596; x_wconf 75' lang='lat' dir='ltr'>salubritate</span> <span class='ocrx_word' id='word_1_53' title='bbox 1138 1529 1170 1589; x_wconf 92' lang='lat' dir='ltr'>et</span> <span class='ocrx_word' id='word_1_54' title='bbox 1191 1549 1290 1590; x_wconf 89' lang='lat' dir='ltr'>verna</span> <span class='ocrx_word' id='word_1_55' title='bbox 1317 1529 1470 1611; x_wconf 77' lang='lat' dir='ltr'>temperie</span> 
     </span>
     <span class='ocr_line' id='line_1_8' title="bbox 325 1625 1241 1713; baseline 0.005 -25"><span class='ocrx_word' id='word_1_56' title='bbox 325 1625 389 1689; x_wconf 85' lang='lat' dir='ltr'>frui</span> <span class='ocrx_word' id='word_1_57' title='bbox 412 1648 471 1690; x_wconf 89' lang='lat' dir='ltr'>nos</span> <span class='ocrx_word' id='word_1_58' title='bbox 494 1626 721 1691; x_wconf 74' lang='lat' dir='ltr'>existimamus,</span> <span class='ocrx_word' id='word_1_59' title='bbox 765 1627 847 1691; x_wconf 84' lang='lat' dir='ltr'>Vale</span> <span class='ocrx_word' id='word_1_60' title='bbox 869 1628 914 1690; x_wconf 92' lang='lat' dir='ltr'>mi</span> <span class='ocrx_word' id='word_1_61' title='bbox 936 1627 1055 1713; x_wconf 91' lang='lat' dir='ltr'>optime</span> <span class='ocrx_word' id='word_1_62' title='bbox 1077 1628 1241 1712; x_wconf 83' lang='lat' dir='ltr'>magister.</span> 
     </span>
    </p>
   </div>
   <div class='ocr_carea' id='block_1_3' title="bbox 671 1792 1132 1863">
    <p class='ocr_par' dir='ltr' id='par_1_3' title="bbox 671 1792 1132 1863">
     <span class='ocr_line' id='line_1_9' title="bbox 671 1792 1132 1863; baseline 0 0"><span class='ocrx_word' id='word_1_63' title='bbox 671 1796 755 1863; x_wconf 88' lang='lat' dir='ltr'>XX.</span> <span class='ocrx_word' id='word_1_64' title='bbox 778 1795 837 1862; x_wconf 81' lang='lat'>35.</span> <span class='ocrx_word' id='word_1_65' title='bbox 872 1792 1022 1862; x_wconf 86' lang='lat' dir='ltr'>Domino</span> <span class='ocrx_word' id='word_1_66' title='bbox 1045 1797 1132 1863; x_wconf 81' lang='lat' dir='ltr'>Meo.</span> 
     </span>
    </p>
   </div>
   <div class='ocr_carea' id='block_1_4' title="bbox 325 1930 1466 2119">
    <p class='ocr_par' dir='ltr' id='par_1_4' title="bbox 325 1930 1466 2119">
     <span class='ocr_line' id='line_1_10' title="bbox 409 1930 1466 2019; baseline 0 -21"><span class='ocrx_word' id='word_1_67' title='bbox 409 1930 500 1998; x_wconf 87' lang='lat' dir='ltr'>Patri</span> <span class='ocrx_word' id='word_1_68' title='bbox 522 1939 577 1998; x_wconf 89' lang='lat' dir='ltr'>tuo</span> <span class='ocrx_word' id='word_1_69' title='bbox 599 1935 652 1997; x_wconf 85' lang='lat' dir='ltr'>fac</span> <span class='ocrx_word' id='word_1_70' title='bbox 674 1937 787 1997; x_wconf 89' lang='lat' dir='ltr'>notum</span> <span class='ocrx_word' id='word_1_71' title='bbox 809 1934 848 1997; x_wconf 90' lang='lat' dir='ltr'>de</span> <span class='ocrx_word' id='word_1_72' title='bbox 869 1933 1057 1997; x_wconf 88' lang='lat' dir='ltr'>infirmitate</span> <span class='ocrx_word' id='word_1_73' title='bbox 1079 1955 1159 1997; x_wconf 85' lang='lat' dir='ltr'>mea.</span> <span class='ocrx_word' id='word_1_74' title='bbox 1194 1935 1248 1997; x_wconf 84' lang='lat' dir='ltr'>An</span> <span class='ocrx_word' id='word_1_75' title='bbox 1270 1956 1320 1997; x_wconf 91' lang='lat' dir='ltr'>me</span> <span class='ocrx_word' id='word_1_76' title='bbox 1343 1955 1466 2019; x_wconf 88' lang='lat' dir='ltr'>quoque</span> 
     </span>
     <span class='ocr_line' id='line_1_11' title="bbox 325 2034 1015 2119; baseline -0.003 -19"><span class='ocrx_word' id='word_1_77' title='bbox 325 2037 462 2100; x_wconf 87' lang='lat' dir='ltr'>scribere</span> <span class='ocrx_word' id='word_1_78' title='bbox 485 2037 514 2100; x_wconf 90' lang='lat' dir='ltr'>ei</span> <span class='ocrx_word' id='word_1_79' title='bbox 537 2037 650 2100; x_wconf 91' lang='lat' dir='ltr'>debere</span> <span class='ocrx_word' id='word_1_80' title='bbox 673 2039 776 2119; x_wconf 64' lang='lat' dir='ltr'>putes</span> <span class='ocrx_word' id='word_1_81' title='bbox 801 2036 904 2099; x_wconf 80' lang='lat' dir='ltr'>scribe</span> <span class='ocrx_word' id='word_1_82' title='bbox 926 2034 1015 2098; x_wconf 88' lang='lat' dir='ltr'>mihi.</span> 
     </span>
    </p>
   </div>
   <div class='ocr_carea' id='block_1_5' title="bbox 559 2197 1125 2299">
    <p class='ocr_par' dir='ltr' id='par_1_5' title="bbox 559 2197 1125 2299">
     <span class='ocr_line' id='line_1_12' title="bbox 559 2197 1125 2299; baseline -0.002 -28"><span class='ocrx_word' id='word_1_83' title='bbox 559 2197 563 2205; x_wconf 75' lang='grc'><strong>“</strong></span> <span class='ocrx_word' id='word_1_84' title='bbox 662 2204 767 2271; x_wconf 82' lang='lat' dir='ltr'>XXI.</span> <span class='ocrx_word' id='word_1_85' title='bbox 791 2204 847 2270; x_wconf 82' lang='lat'>36.</span> <span class='ocrx_word' id='word_1_86' title='bbox 882 2205 1125 2299; x_wconf 77' lang='lat' dir='ltr'>Rescriptum.</span> 
     </span>
    </p>
   </div>
   <div class='ocr_carea' id='block_1_6' title="bbox 320 2340 1466 2630">
    <p class='ocr_par' dir='ltr' id='par_1_6' title="bbox 320 2340 1466 2630">
     <span class='ocr_line' id='line_1_13' title="bbox 407 2340 1466 2426; baseline -0.004 -19"><span class='ocrx_word' id='word_1_87' title='bbox 407 2342 534 2426; x_wconf 74' lang='lat' dir='ltr'>statim,</span> <span class='ocrx_word' id='word_1_88' title='bbox 558 2341 602 2405; x_wconf 91' lang='lat' dir='ltr'>mi</span> <span class='ocrx_word' id='word_1_89' title='bbox 625 2342 790 2426; x_wconf 82' lang='lat' dir='ltr'>magister,</span> <span class='ocrx_word' id='word_1_90' title='bbox 814 2340 965 2404; x_wconf 87' lang='lat' dir='ltr'>indicabo</span> <span class='ocrx_word' id='word_1_91' title='bbox 988 2340 1126 2404; x_wconf 90' lang='lat' dir='ltr'>Domino</span> <span class='ocrx_word' id='word_1_92' title='bbox 1148 2363 1218 2404; x_wconf 88' lang='lat' dir='ltr'>meo</span> <span class='ocrx_word' id='word_1_93' title='bbox 1240 2343 1466 2405; x_wconf 87' lang='lat' dir='ltr'>necessitatem</span> 
     </span>
     <span class='ocr_line' id='line_1_14' title="bbox 322 2443 1466 2527; baseline -0.002 -20"><span class='ocrx_word' id='word_1_94' title='bbox 322 2444 415 2525; x_wconf 85' lang='lat' dir='ltr'>huius</span> <span class='ocrx_word' id='word_1_95' title='bbox 443 2444 559 2527; x_wconf 91' lang='lat' dir='ltr'>quietis</span> <span class='ocrx_word' id='word_1_96' title='bbox 591 2446 682 2516; x_wconf 83' lang='lat' dir='ltr'>tuae:</span> <span class='ocrx_word' id='word_1_97' title='bbox 716 2443 812 2507; x_wconf 86' lang='lat' dir='ltr'>velim</span> <span class='ocrx_word' id='word_1_98' title='bbox 844 2446 953 2507; x_wconf 89' lang='lat' dir='ltr'>tamen</span> <span class='ocrx_word' id='word_1_99' title='bbox 983 2445 1015 2506; x_wconf 93' lang='lat' dir='ltr'>et</span> <span class='ocrx_word' id='word_1_100' title='bbox 1046 2465 1065 2504; x_wconf 89' lang='lat' dir='ltr'>a</span> <span class='ocrx_word' id='word_1_101' title='bbox 1091 2445 1124 2506; x_wconf 91' lang='lat' dir='ltr'>te</span> <span class='ocrx_word' id='word_1_102' title='bbox 1152 2444 1258 2506; x_wconf 82' lang='lat' dir='ltr'>scribi.</span> <span class='ocrx_word' id='word_1_103' title='bbox 1303 2443 1385 2508; x_wconf 85' lang='lat' dir='ltr'>Vale</span> <span class='ocrx_word' id='word_1_104' title='bbox 1421 2445 1466 2505; x_wconf 93' lang='lat' dir='ltr'>mi</span> 
     </span>
     <span class='ocr_line' id='line_1_15' title="bbox 320 2545 928 2630; baseline -0.005 -20"><span class='ocrx_word' id='word_1_105' title='bbox 320 2547 440 2630; x_wconf 91' lang='lat' dir='ltr'>optime</span> <span class='ocrx_word' id='word_1_106' title='bbox 463 2550 496 2610; x_wconf 94' lang='lat' dir='ltr'>et</span> <span class='ocrx_word' id='word_1_107' title='bbox 516 2545 742 2609; x_wconf 87' lang='lat' dir='ltr'>iucundissime</span> <span class='ocrx_word' id='word_1_108' title='bbox 763 2545 928 2629; x_wconf 87' lang='lat' dir='ltr'>magister.</span> 
     </span>
    </p>
   </div>
   <div class='ocr_carea' id='block_1_7' title="bbox 641 2693 1169 2780">
    <p class='ocr_par' dir='ltr' id='par_1_7' title="bbox 641 2693 1169 2780">
     <span class='ocr_line' id='line_1_16' title="bbox 641 2693 1169 2780; baseline -0.004 0"><span class='ocrx_word' id='word_1_109' title='bbox 641 2714 767 2780; x_wconf 84' lang='grc'><strong>111111.</strong></span> <span class='ocrx_word' id='word_1_110' title='bbox 791 2713 848 2779; x_wconf 79' lang='lat' dir='ltr'>aa</span> <span class='ocrx_word' id='word_1_111' title='bbox 881 2693 1033 2779; x_wconf 72' lang='lat' dir='ltr'>nemine</span> <span class='ocrx_word' id='word_1_112' title='bbox 1055 2703 1169 2779; x_wconf 59' lang='lat' dir='ltr'>uus</span> 
     </span>
    </p>
   </div>
   <div class='ocr_carea' id='block_1_8' title="bbox 320 2850 1465 3241">
    <p class='ocr_par' dir='ltr' id='par_1_8' title="bbox 320 2850 1465 3241">
     <span class='ocr_line' id='line_1_17' title="bbox 406 2850 1465 2935; baseline 0 -22"><span class='ocrx_word' id='word_1_113' title='bbox 406 2851 478 2934; x_wconf 82' lang='lat' dir='ltr'>Ego</span> <span class='ocrx_word' id='word_1_114' title='bbox 500 2851 702 2935; x_wconf 79' lang='lat' dir='ltr'>prodormii2‚</span> <span class='ocrx_word' id='word_1_115' title='bbox 736 2850 907 2916; x_wconf 87' lang='lat' dir='ltr'>Materiam</span> <span class='ocrx_word' id='word_1_116' title='bbox 927 2850 1001 2913; x_wconf 90' lang='lat' dir='ltr'>misi</span> <span class='ocrx_word' id='word_1_117' title='bbox 1023 2850 1098 2913; x_wconf 91' lang='lat' dir='ltr'>tibi:</span> <span class='ocrx_word' id='word_1_118' title='bbox 1121 2873 1172 2913; x_wconf 88' lang='lat' dir='ltr'>res</span> <span class='ocrx_word' id='word_1_119' title='bbox 1194 2850 1277 2913; x_wconf 89' lang='lat' dir='ltr'>seria</span> <span class='ocrx_word' id='word_1_120' title='bbox 1294 2853 1352 2913; x_wconf 89' lang='lat' dir='ltr'>est.</span> <span class='ocrx_word' id='word_1_121' title='bbox 1384 2850 1465 2914; x_wconf 74' lang='lat' dir='ltr'>tlon-</span> 
     </span>
     <span class='ocr_line' id='line_1_18' title="bbox 322 2951 1464 3037; baseline -0.001 -21"><span class='ocrx_word' id='word_1_122' title='bbox 322 2955 370 3016; x_wconf 89' lang='lat' dir='ltr'>sul</span> <span class='ocrx_word' id='word_1_123' title='bbox 392 2953 501 3037; x_wconf 90' lang='lat' dir='ltr'>populi</span> <span class='ocrx_word' id='word_1_124' title='bbox 523 2953 658 3036; x_wconf 79' lang='lat' dir='ltr'>romani,</span> <span class='ocrx_word' id='word_1_125' title='bbox 682 2953 788 3037; x_wconf 90' lang='lat' dir='ltr'>posita</span> <span class='ocrx_word' id='word_1_126' title='bbox 809 2955 987 3036; x_wconf 81' lang='lat' dir='ltr'>praetexta,</span> <span class='ocrx_word' id='word_1_127' title='bbox 1011 2952 1172 3015; x_wconf 87' lang='lat' dir='ltr'>manicam</span> <span class='ocrx_word' id='word_1_128' title='bbox 1193 2951 1309 3035; x_wconf 78' lang='lat' dir='ltr'>induit,</span> <span class='ocrx_word' id='word_1_129' title='bbox 1340 2952 1464 3016; x_wconf 89' lang='lat' dir='ltr'>leonem</span> 
     </span>
     <span class='ocr_line' id='line_1_19' title="bbox 320 3054 1464 3140; baseline 0 -21"><span class='ocrx_word' id='word_1_130' title='bbox 320 3058 406 3119; x_wconf 91' lang='lat' dir='ltr'>inter</span> <span class='ocrx_word' id='word_1_131' title='bbox 439 3057 569 3119; x_wconf 86' lang='lat' dir='ltr'>iuvenes</span> <span class='ocrx_word' id='word_1_132' title='bbox 603 3055 849 3140; x_wconf 88' lang='lat' dir='ltr'>quinquatribus</span> <span class='ocrx_word' id='word_1_133' title='bbox 887 3055 1046 3138; x_wconf 84' lang='lat' dir='ltr'>percussit</span> <span class='ocrx_word' id='word_1_134' title='bbox 1078 3054 1196 3138; x_wconf 89' lang='lat' dir='ltr'>populo</span> <span class='ocrx_word' id='word_1_135' title='bbox 1229 3076 1361 3118; x_wconf 88' lang='lat' dir='ltr'>romano</span> <span class='ocrx_word' id='word_1_136' title='bbox 1396 3077 1464 3138; x_wconf 90' lang='lat' dir='ltr'>spe-</span> 
     </span>
     <span class='ocr_line' id='line_1_20' title="bbox 322 3147 1464 3241; baseline -0.002 -19"><span class='ocrx_word' id='word_1_137' title='bbox 322 3162 440 3223; x_wconf 86' lang='lat' dir='ltr'>ctante.</span> <span class='ocrx_word' id='word_1_138' title='bbox 484 3158 574 3241; x_wconf 84' lang='lat' dir='ltr'>Aput</span> <span class='ocrx_word' id='word_1_139' title='bbox 608 3180 753 3221; x_wconf 88' lang='lat' dir='ltr'>censores</span> <span class='ocrx_word' id='word_1_140' title='bbox 787 3147 999 3240; x_wconf 64' lang='lat' dir='ltr'>expostulatl.</span> <span class='ocrx_word' id='word_1_141' title='bbox 1018 3156 1293 3241; x_wconf 73' lang='lat' dir='ltr'>l⁴A1orredurov‚</span> <span class='ocrx_word' id='word_1_142' title='bbox 1320 3158 1464 3235; x_wconf 76' lang='grc' dir='ltr'><strong>αὔξηεον.</strong></span> 
     </span>
    </p>
   </div>
   <div class='ocr_carea' id='block_1_9' title="bbox 320 3257 1144 3350">
    <p class='ocr_par' dir='ltr' id='par_1_9' title="bbox 320 3257 1144 3350">
     <span class='ocr_line' id='line_1_21' title="bbox 320 3257 1144 3350; baseline -0.005 -26"><span class='ocrx_word' id='word_1_143' title='bbox 320 3259 401 3324; x_wconf 88' lang='lat' dir='ltr'>Vale</span> <span class='ocrx_word' id='word_1_144' title='bbox 423 3259 559 3323; x_wconf 89' lang='lat' dir='ltr'>Domine</span> <span class='ocrx_word' id='word_1_145' title='bbox 582 3259 792 3322; x_wconf 84' lang='lat' dir='ltr'>dulcissime⁵.</span> <span class='ocrx_word' id='word_1_146' title='bbox 836 3257 1009 3350; x_wconf 80' lang='lat' dir='ltr'>Dominam</span> <span class='ocrx_word' id='word_1_147' title='bbox 1031 3257 1144 3321; x_wconf 89' lang='lat' dir='ltr'>saluta.</span> 
     </span>
    </p>
   </div>
   <div class='ocr_carea' id='block_1_10' title="bbox 639 3426 1144 3509">
    <p class='ocr_par' dir='ltr' id='par_1_10' title="bbox 639 3426 1144 3509">
     <span class='ocr_line' id='line_1_22' title="bbox 639 3426 1144 3509; baseline -0.008 -15"><span class='ocrx_word' id='word_1_148' title='bbox 639 3427 786 3494; x_wconf 86' lang='lat' dir='ltr'>XXIII.</span> <span class='ocrx_word' id='word_1_149' title='bbox 810 3426 867 3491; x_wconf 84' lang='lat'>38.</span> <span class='ocrx_word' id='word_1_150' title='bbox 901 3426 1144 3509; x_wconf 86' lang='lat' dir='ltr'>Rescriptum.</span> 
     </span>
    </p>
   </div>
   <div class='ocr_carea' id='block_1_11' title="bbox 319 3561 1463 4056">
    <p class='ocr_par' dir='ltr' id='par_1_11' title="bbox 319 3561 1463 4056">
     <span class='ocr_line' id='line_1_23' title="bbox 405 3561 1463 3641; baseline -0.003 -13"><span class='ocrx_word' id='word_1_151' title='bbox 405 3564 538 3641; x_wconf 83' lang='lat' dir='ltr'>Quando</span> <span class='ocrx_word' id='word_1_152' title='bbox 567 3566 599 3629; x_wconf 95' lang='lat' dir='ltr'>id</span> <span class='ocrx_word' id='word_1_153' title='bbox 621 3563 766 3628; x_wconf 81' lang='lat' dir='ltr'>factum?</span> <span class='ocrx_word' id='word_1_154' title='bbox 794 3567 827 3627; x_wconf 89' lang='lat' dir='ltr'>et</span> <span class='ocrx_word' id='word_1_155' title='bbox 855 3586 898 3627; x_wconf 87' lang='lat' dir='ltr'>an</span> <span class='ocrx_word' id='word_1_156' title='bbox 919 3562 1064 3627; x_wconf 79' lang='lat' dir='ltr'>Rornae?</span> <span class='ocrx_word' id='word_1_157' title='bbox 1106 3561 1194 3625; x_wconf 91' lang='lat' dir='ltr'>Num</span> <span class='ocrx_word' id='word_1_158' title='bbox 1220 3562 1300 3625; x_wconf 89' lang='lat' dir='ltr'>illud</span> <span class='ocrx_word' id='word_1_159' title='bbox 1328 3563 1406 3626; x_wconf 90' lang='lat' dir='ltr'>dicis</span> <span class='ocrx_word' id='word_1_160' title='bbox 1428 3563 1463 3626; x_wconf 89' lang='lat' dir='ltr'>in</span> 
     </span>
     <span class='ocr_line' id='line_1_24' title="bbox 321 3664 1463 3731; baseline -0.004 0"><span class='ocrx_word' id='word_1_161' title='bbox 321 3668 448 3731; x_wconf 89' lang='lat' dir='ltr'>Albano</span> <span class='ocrx_word' id='word_1_162' title='bbox 470 3668 593 3730; x_wconf 89' lang='lat' dir='ltr'>factum</span> <span class='ocrx_word' id='word_1_163' title='bbox 621 3667 679 3729; x_wconf 89' lang='lat' dir='ltr'>sub</span> <span class='ocrx_word' id='word_1_164' title='bbox 706 3665 935 3729; x_wconf 81' lang='lat' dir='ltr'>Domitiano⁶‘?</span> <span class='ocrx_word' id='word_1_165' title='bbox 978 3664 1148 3728; x_wconf 88' lang='lat' dir='ltr'>Praeterea</span> <span class='ocrx_word' id='word_1_166' title='bbox 1175 3665 1210 3726; x_wconf 92' lang='lat' dir='ltr'>in</span> <span class='ocrx_word' id='word_1_167' title='bbox 1237 3664 1299 3727; x_wconf 89' lang='lat' dir='ltr'>hac</span> <span class='ocrx_word' id='word_1_168' title='bbox 1328 3667 1463 3727; x_wconf 88' lang='lat' dir='ltr'>materia</span> 
     </span>
     <span class='ocr_line' id='line_1_25' title="bbox 320 3766 1461 3850; baseline -0.004 -17"><span class='ocrx_word' id='word_1_169' title='bbox 320 3770 438 3833; x_wconf 89' lang='lat' dir='ltr'>diutius</span> <span class='ocrx_word' id='word_1_170' title='bbox 453 3769 664 3832; x_wconf 85' lang='lat' dir='ltr'>laborandum</span> <span class='ocrx_word' id='word_1_171' title='bbox 680 3771 738 3850; x_wconf 80' lang='lat' dir='ltr'>est,</span> <span class='ocrx_word' id='word_1_172' title='bbox 751 3772 789 3831; x_wconf 91' lang='lat' dir='ltr'>ut</span> <span class='ocrx_word' id='word_1_173' title='bbox 802 3768 925 3831; x_wconf 86' lang='lat' dir='ltr'>factum</span> <span class='ocrx_word' id='word_1_174' title='bbox 942 3767 1099 3848; x_wconf 80' lang='lat' dir='ltr'>credatur,</span> <span class='ocrx_word' id='word_1_175' title='bbox 1113 3788 1209 3849; x_wconf 91' lang='lat' dir='ltr'>quam</span> <span class='ocrx_word' id='word_1_176' title='bbox 1224 3769 1261 3829; x_wconf 91' lang='lat' dir='ltr'>ut</span> <span class='ocrx_word' id='word_1_177' title='bbox 1275 3766 1461 3829; x_wconf 80' lang='lat' dir='ltr'>irascatur⁷.</span> 
     </span>
     <span class='ocr_line' id='line_1_26' title="bbox 319 3857 1462 3952; baseline -0.007 -16"><span class='ocrx_word' id='word_1_178' title='bbox 319 3872 488 3937; x_wconf 78' lang='grc' dir='ltr'>Ἀπίθανο(</span> <span class='ocrx_word' id='word_1_179' title='bbox 512 3871 659 3935; x_wconf 73' lang='lat' dir='ltr'>taddeo(</span> <span class='ocrx_word' id='word_1_180' title='bbox 684 3870 810 3933; x_wconf 88' lang='lat' dir='ltr'>videtur</span> <span class='ocrx_word' id='word_1_181' title='bbox 837 3869 927 3952; x_wconf 79' lang='lat' dir='ltr'>mihi,</span> <span class='ocrx_word' id='word_1_182' title='bbox 957 3857 1039 3952; x_wconf 88' lang='lat' dir='ltr'>quod</span> <span class='ocrx_word' id='word_1_183' title='bbox 1067 3867 1163 3951; x_wconf 86' lang='lat' dir='ltr'>plane</span> <span class='ocrx_word' id='word_1_184' title='bbox 1185 3867 1357 3949; x_wconf 66' lang='lat' dir='ltr'>baluceisss,</span> <span class='ocrx_word' id='word_1_185' title='bbox 1387 3889 1462 3950; x_wconf 88' lang='lat' dir='ltr'>qua-</span> 
     </span>
     <span class='ocr_line' id='line_1_27' title="bbox 319 3970 1134 4056; baseline -0.004 -21"><span class='ocrx_word' id='word_1_186' title='bbox 319 3973 382 4036; x_wconf 90' lang='lat' dir='ltr'>lem</span> <span class='ocrx_word' id='word_1_187' title='bbox 404 3973 568 4056; x_wconf 90' lang='lat' dir='ltr'>petieram.</span> <span class='ocrx_word' id='word_1_188' title='bbox 614 3970 766 4036; x_wconf 86' lang='lat' dir='ltr'>Rescribe</span> <span class='ocrx_word' id='word_1_189' title='bbox 789 3971 900 4035; x_wconf 89' lang='lat' dir='ltr'>statim</span> <span class='ocrx_word' id='word_1_190' title='bbox 922 3970 960 4033; x_wconf 90' lang='lat' dir='ltr'>de</span> <span class='ocrx_word' id='word_1_191' title='bbox 982 3973 1134 4052; x_wconf 89' lang='lat' dir='ltr'>tempore.</span> 
     </span>
    </p>
   </div>
   <div class='ocr_carea' id='block_1_12' title="bbox 318 4140 1461 4970">
    <p class='ocr_par' dir='ltr' id='par_1_12' title="bbox 407 4140 922 4195">
     <span class='ocr_line' id='line_1_28' title="bbox 407 4140 922 4195; baseline -0.004 0"><span class='ocrx_word' id='word_1_192' title='bbox 407 4149 420 4195; x_wconf 93' lang='lat' dir='ltr'>l</span> <span class='ocrx_word' id='word_1_193' title='bbox 440 4140 545 4195; x_wconf 83' lang='lat' dir='ltr'>Codex:</span> <span class='ocrx_word' id='word_1_194' title='bbox 564 4146 618 4195; x_wconf 80' lang='lat' dir='ltr'>loc.</span> <span class='ocrx_word' id='word_1_195' title='bbox 654 4141 743 4195; x_wconf 88' lang='lat' dir='ltr'>Maius</span> <span class='ocrx_word' id='word_1_196' title='bbox 761 4140 858 4195; x_wconf 86' lang='lat' dir='ltr'>scribit</span> <span class='ocrx_word' id='word_1_197' title='bbox 870 4146 922 4194; x_wconf 74' lang='lat' dir='ltr'>dic.</span> 
     </span>
    </p>

    <p class='ocr_par' dir='ltr' id='par_1_13' title="bbox 400 4224 707 4280">
     <span class='ocr_line' id='line_1_29' title="bbox 400 4224 707 4280; baseline -0.003 0"><span class='ocrx_word' id='word_1_198' title='bbox 400 4234 420 4280; x_wconf 78' lang='grc'>-2</span> <span class='ocrx_word' id='word_1_199' title='bbox 438 4224 509 4278; x_wconf 88' lang='lat' dir='ltr'>Vide</span> <span class='ocrx_word' id='word_1_200' title='bbox 528 4225 564 4278; x_wconf 85' lang='lat' dir='ltr'>ad</span> <span class='ocrx_word' id='word_1_201' title='bbox 581 4225 707 4280; x_wconf 86' lang='lat' dir='ltr'>indicem.</span> 
     </span>
    </p>

    <p class='ocr_par' dir='ltr' id='par_1_14' title="bbox 405 4310 817 4379">
     <span class='ocr_line' id='line_1_30' title="bbox 405 4310 817 4379; baseline -0.002 -14"><span class='ocrx_word' id='word_1_202' title='bbox 405 4319 420 4365; x_wconf 90' lang='lat'><strong>3</strong></span> <span class='ocrx_word' id='word_1_203' title='bbox 439 4310 612 4379; x_wconf 80' lang='lat' dir='ltr'>Schopenus:</span> <span class='ocrx_word' id='word_1_204' title='bbox 631 4318 817 4379; x_wconf 75' lang='lat' dir='ltr'>expostulatur.</span> 
     </span>
    </p>

    <p class='ocr_par' dir='ltr' id='par_1_15' title="bbox 403 4394 823 4468">
     <span class='ocr_line' id='line_1_31' title="bbox 403 4394 823 4468; baseline -0.002 -19"><span class='ocrx_word' id='word_1_205' title='bbox 403 4403 420 4449; x_wconf 92' lang='grc'>4</span> <span class='ocrx_word' id='word_1_206' title='bbox 438 4394 539 4468; x_wconf 74' lang='lat' dir='ltr'>Incipit</span> <span class='ocrx_word' id='word_1_207' title='bbox 557 4395 622 4449; x_wconf 85' lang='lat' dir='ltr'>Cod.</span> <span class='ocrx_word' id='word_1_208' title='bbox 641 4396 705 4449; x_wconf 88' lang='lat' dir='ltr'>Vat.</span> <span class='ocrx_word' id='word_1_209' title='bbox 724 4414 751 4464; x_wconf 93' lang='lat' dir='ltr'>p.</span> <span class='ocrx_word' id='word_1_210' title='bbox 768 4401 823 4449; x_wconf 85' lang='lat'>101.</span> 
     </span>
    </p>

    <p class='ocr_par' dir='ltr' id='par_1_16' title="bbox 404 4480 908 4548">
     <span class='ocr_line' id='line_1_32' title="bbox 404 4480 908 4548; baseline -0.002 -14"><span class='ocrx_word' id='word_1_211' title='bbox 404 4487 420 4534; x_wconf 79' lang='lat'>5</span> <span class='ocrx_word' id='word_1_212' title='bbox 437 4480 590 4548; x_wconf 83' lang='lat' dir='ltr'>Perperam</span> <span class='ocrx_word' id='word_1_213' title='bbox 606 4480 707 4534; x_wconf 80' lang='lat' dir='ltr'>Maius:</span> <span class='ocrx_word' id='word_1_214' title='bbox 725 4485 908 4534; x_wconf 81' lang='lat' dir='ltr'>iucundissime.</span> 
     </span>
    </p>

    <p class='ocr_par' dir='ltr' id='par_1_17' title="bbox 406 4562 761 4619">
     <span class='ocr_line' id='line_1_33' title="bbox 406 4562 761 4619; baseline 0 -2"><span class='ocrx_word' id='word_1_215' title='bbox 406 4570 421 4617; x_wconf 84' lang='grc'><strong>6</strong></span> <span class='ocrx_word' id='word_1_216' title='bbox 440 4566 473 4618; x_wconf 87' lang='lat' dir='ltr'>of.</span> <span class='ocrx_word' id='word_1_217' title='bbox 494 4562 568 4618; x_wconf 84' lang='lat' dir='ltr'>Suet.</span> <span class='ocrx_word' id='word_1_218' title='bbox 588 4564 617 4618; x_wconf 90' lang='lat' dir='ltr'>in</span> <span class='ocrx_word' id='word_1_219' title='bbox 634 4565 681 4619; x_wconf 89' lang='lat' dir='ltr'>vit.</span> <span class='ocrx_word' id='word_1_220' title='bbox 701 4570 761 4618; x_wconf 78' lang='grc'><strong>(1.4.</strong></span> 
     </span>
    </p>

    <p class='ocr_par' dir='ltr' id='par_1_18' title="bbox 405 4648 758 4717">
     <span class='ocr_line' id='line_1_34' title="bbox 405 4648 758 4717; baseline -0.006 -14"><span class='ocrx_word' id='word_1_221' title='bbox 405 4656 418 4703; x_wconf 81' lang='grc'><strong>7</strong></span> <span class='ocrx_word' id='word_1_222' title='bbox 437 4648 608 4717; x_wconf 83' lang='lat' dir='ltr'>Schopenus:</span> <span class='ocrx_word' id='word_1_223' title='bbox 628 4660 758 4716; x_wconf 69' lang='lat' dir='ltr'>aepactae.</span> 
     </span>
    </p>

    <p class='ocr_par' dir='ltr' id='par_1_19' title="bbox 318 4730 1461 4970">
     <span class='ocr_line' id='line_1_35' title="bbox 403 4730 1461 4801; baseline 0.001 -17"><span class='ocrx_word' id='word_1_224' title='bbox 403 4738 418 4784; x_wconf 91' lang='lat'>8</span> <span class='ocrx_word' id='word_1_225' title='bbox 436 4733 479 4785; x_wconf 88' lang='lat' dir='ltr'>lta</span> <span class='ocrx_word' id='word_1_226' title='bbox 497 4732 639 4786; x_wconf 89' lang='lat' dir='ltr'>evidenter</span> <span class='ocrx_word' id='word_1_227' title='bbox 657 4732 757 4787; x_wconf 77' lang='lat' dir='ltr'>Codex.</span> <span class='ocrx_word' id='word_1_228' title='bbox 789 4732 844 4786; x_wconf 81' lang='lat' dir='ltr'>Sed</span> <span class='ocrx_word' id='word_1_229' title='bbox 862 4732 999 4801; x_wconf 84' lang='lat' dir='ltr'>quidhoc</span> <span class='ocrx_word' id='word_1_230' title='bbox 1016 4733 1132 4786; x_wconf 87' lang='lat' dir='ltr'>monstri</span> <span class='ocrx_word' id='word_1_231' title='bbox 1149 4733 1208 4785; x_wconf 86' lang='lat' dir='ltr'>est?</span> <span class='ocrx_word' id='word_1_232' title='bbox 1237 4733 1311 4785; x_wconf 90' lang='lat' dir='ltr'>Iusto</span> <span class='ocrx_word' id='word_1_233' title='bbox 1330 4730 1461 4785; x_wconf 84' lang='lat' dir='ltr'>audacius</span> 
     </span>
     <span class='ocr_line' id='line_1_36' title="bbox 319 4816 1461 4886; baseline -0.003 -15"><span class='ocrx_word' id='word_1_234' title='bbox 319 4817 490 4885; x_wconf 81' lang='lat' dir='ltr'>Schopenus:</span> <span class='ocrx_word' id='word_1_235' title='bbox 509 4819 645 4872; x_wconf 70' lang='grc' dir='ltr'>ἀπίθανοι</span> <span class='ocrx_word' id='word_1_236' title='bbox 663 4819 793 4871; x_wconf 69' lang='lat' dir='ltr'>audoene</span> <span class='ocrx_word' id='word_1_237' title='bbox 812 4823 911 4871; x_wconf 77' lang='lat' dir='ltr'>videtur</span> <span class='ocrx_word' id='word_1_238' title='bbox 928 4822 993 4877; x_wconf 73' lang='lat' dir='ltr'>milri,</span> <span class='ocrx_word' id='word_1_239' title='bbox 1015 4833 1071 4869; x_wconf 89' lang='lat' dir='ltr'>non</span> <span class='ocrx_word' id='word_1_240' title='bbox 1094 4816 1141 4870; x_wconf 90' lang='lat' dir='ltr'>ubi</span> <span class='ocrx_word' id='word_1_241' title='bbox 1159 4817 1279 4870; x_wconf 86' lang='lat' dir='ltr'>clamare</span> <span class='ocrx_word' id='word_1_242' title='bbox 1297 4816 1381 4871; x_wconf 85' lang='lat' dir='ltr'>liceat</span> <span class='ocrx_word' id='word_1_243' title='bbox 1399 4838 1461 4886; x_wconf 80' lang='lat' dir='ltr'>qua·</span> 
     </span>
     <span class='ocr_line' id='line_1_37' title="bbox 318 4900 1170 4970; baseline -0.004 -14"><span class='ocrx_word' id='word_1_244' title='bbox 318 4908 365 4956; x_wconf 81' lang='lat' dir='ltr'>lem</span> <span class='ocrx_word' id='word_1_245' title='bbox 381 4908 512 4970; x_wconf 79' lang='lat' dir='ltr'>petiermn.</span> <span class='ocrx_word' id='word_1_246' title='bbox 548 4902 638 4968; x_wconf 87' lang='lat' dir='ltr'>Latet,</span> <span class='ocrx_word' id='word_1_247' title='bbox 656 4901 688 4954; x_wconf 90' lang='lat' dir='ltr'>ut</span> <span class='ocrx_word' id='word_1_248' title='bbox 706 4901 822 4968; x_wconf 88' lang='lat' dir='ltr'>videtur,</span> <span class='ocrx_word' id='word_1_249' title='bbox 841 4901 1007 4955; x_wconf 82' lang='lat' dir='ltr'>vocabulum</span> <span class='ocrx_word' id='word_1_250' title='bbox 1025 4900 1170 4955; x_wconf 84' lang='lat' dir='ltr'>Graecum.</span> 
     </span>
    </p>
   </div>
   <div class='ocr_carea' id='block_1_13' title="bbox 0 0 1654 6050">
    <p class='ocr_par' dir='ltr' id='par_1_20' title="bbox 0 0 1654 6050">
     <span class='ocr_line' id='line_1_38' title="bbox 0 0 1654 6050; baseline 0 5"><span class='ocrx_word' id='word_1_251' title='bbox 0 0 1654 6050; x_wconf 95' lang='lat' dir='ltr'> </span> 
     </span>
    </p>
   </div>
  </div>
 </body>
</html>
