3300 6050
291 865 333 928 30
500 863 536 914 M.
551 861 719 914 CORNELII
738 860 945 914 FRONTONIS
963 861 1218 915 EPISTULARUM

290 1032 462 1115 platanus¹
486 1031 669 1094 umbrosa²¹:
704 1031 811 1094 omnia
839 1031 879 1093 ad
903 1053 994 1094 usum
1015 1031 1118 1115 magis
1152 1053 1247 1114 quam
1275 1031 1315 1094 ad
1343 1031 1428 1094 volu-

289 1136 422 1216 ptatem,
447 1154 589 1215 quaeque
611 1132 731 1216 magis²
752 1132 883 1195 laudare
905 1136 1067 1215 oporteat,
1097 1154 1204 1196 amare
1227 1154 1291 1194 non
1314 1132 1426 1194 libeat.

193 1248 195 1254 ’
290 1232 418 1297 Satisne
446 1254 506 1316 ego
529 1233 641 1298 audaci
665 1233 796 1297 consilio
819 1236 851 1297 et
871 1233 987 1297 iudicio
1003 1234 1173 1296 temerario
1195 1233 1332 1314 videar3,
1358 1254 1429 1294 cum
1470 1238 1472 1243 '

186 1402 193 1412 ⁸
289 1335 327 1397 de
349 1337 460 1396 tantae
483 1333 605 1417 gloriae
627 1335 695 1397 viro
717 1333 886 1397 existimo?
915 1333 976 1398 Sed
992 1336 1105 1417 quom4
1126 1357 1177 1397 me
1198 1335 1345 1397 recordor
1367 1333 1427 1396 tibi

289 1435 437 1517 scribere,
461 1436 567 1498 minus
589 1456 639 1498 me
663 1435 777 1498 audere
799 1457 894 1518 quam
915 1439 952 1498 tu
973 1436 1051 1499 velis
1075 1436 1243 1499 arbitror⁵

475 1553 552 1616 Nos
580 1553 676 1616 istic
703 1552 956 1616 vehementer
984 1555 1241 1616 aestuamus.l

373 1671 482 1735 Habes
511 1672 562 1734 et⁷
585 1670 886 1754 hendecasyllabum
907 1671 1094 1755 ingenuum.
1117 1671 1223 1754 Igitur
1243 1672 1428 1756 priusquam

288 1773 436 1855 poetare‘l
459 1771 588 1854 incipio,
612 1774 754 1854 pausan⁹
776 1775 883 1835 tecum
898 1773 992 1861 facia.
1026 1771 1117 1854 Vale,
1136 1772 1427 1838 desiderantissime

288 1875 382 1937 homo
412 1876 443 1936 et
464 1876 520 1936 tuo
541 1872 626 1935 Vero
640 1873 662 1912 ¹⁰
686 1873 859 1955 carissime,
890 1873 998 1936 consul
1032 1873 1242 1956 amplissime,
1272 1877 1428 1959 magister

260 2020 262 2024 -
288 1974 478 2038 dulcissime.
523 1973 604 2037 Vale
626 1975 670 2036 mi
693 1995 827 2056 semper,
852 1973 959 2038 anima
981 1972 1174 2038 dulcissima.

330 2211 392 2277 VI.
425 2210 470 2275 11.
487 2207 658 2275 Aurelius
682 2210 862 2378 111111ἒ11Η
889 2209 1033 2277 Consuli
1057 2207 1128 2277 Suc
1151 2212 1189 2276 ct
1210 2212 1383 2294 Magistro
1414 2261 1418 2268 .

792 2312 941 2378 alutem.

371 2449 545 2530 Postquam
577 2447 616 2510 ad
647 2451 681 2509 te
717 2447 860 2529 proxime
888 2448 1017 2530 scripsi,
1051 2451 1163 2531 postea
1193 2449 1278 2512 nihil
1311 2472 1425 2532 operae

286 2551 445 2633 praetium
456 2551 478 2588 ¹²
507 2547 589 2630 quod
612 2548 651 2610 ad
678 2552 711 2611 te
734 2548 935 2631 scriberetur,
960 2552 1016 2611 aut
1038 2550 1121 2632 quod
1141 2551 1298 2614 monitum
1314 2552 1354 2614 ad
1370 2554 1425 2615 ali-

286 2674 380 2734 quem
402 2650 528 2713 modum
550 2649 680 2712 iuvaret.
711 2649 796 2712 Nam
818 2652 870 2714 διὰ
892 2656 957 2715 τῶν
981 2651 1087 2716 αὐτῶν
1109 2650 1176 2714 fere
1199 2652 1266 2714 dies
1288 2655 1426 2716 tramisi-

285 2774 366 2815 mus.
405 2750 493 2833 Idem
514 2749 691 2832 theatrum,
718 2751 801 2813 idem
824 2751 974 2833 odium¹³,
1004 2751 1088 2814 idem
1111 2752 1301 2815 desiderium
1322 2757 1422 2817 tuum.

286 2853 367 2928 Quid
390 2852 460 2915 dico
482 2851 588 2914 idem?
609 2851 706 2914 immo
727 2853 760 2915 id
783 2853 913 2916 cottidie
934 2856 1071 2915 novatur
1093 2856 1125 2916 et
1140 2854 1258 2938 gliscit.
1282 2854 1326 2916 Et
1341 2857 1425 2937 quod

286 2956 332 3017 ait
353 2953 506 3018 Laberius
529 2953 567 3015 de
590 2974 710 3036 amore,
741 2974 797 3016 suo
818 2955 912 3016 modo
935 2956 985 3018 καὶ
1008 2955 1059 3019 ἐπὶ
1081 2956 1143 3040 ἰδίᾳ
1166 2955 1276 3040 μούεῃ,
1315 2959 1424 3020 centorb

369 3209 386 3247 a
407 3197 438 3245 In
455 3198 579 3260 marpz'ne:
598 3190 678 3244 Ficus
691 3190 867 3260 pompeiana,
886 3190 945 3244 olus
958 3190 1099 3258 aricinmn,
1111 3209 1176 3246 rosa
1187 3194 1336 3260 tarentina,
1347 3194 1424 3248 lucus

284 3278 401 3345 densior,
419 3277 548 3345 platanus
566 3276 705 3328 umbr<sa

368 3364 386 3415 b
407 3366 438 3414 Ia
456 3368 582 3429 aaarpz'ne:
601 3361 687 3413 Am0r
705 3360 768 3411 tuus
785 3389 818 3397 -
835 3376 935 3427 porrus
953 3362 1012 3413 tam
1030 3362 1110 3415 firma
1128 3379 1212 3428 quam
1230 3364 1331 3432 palma.

369 3588 382 3633 1
401 3581 469 3633 Post
485 3580 538 3632 hoc
555 3578 720 3633 vocabulum
737 3579 766 3631 in
784 3578 885 3633 Codice
909 3581 1057 3633 cernuntur
1075 3581 1192 3635 duarum
1209 3582 1365 3637 litterarum
1383 3584 1422 3636 in-

284 3674 361 3721 certa
378 3664 504 3733 vestigia.

368 3756 383 3803 ‘2
403 3746 520 3801 Orellius
539 3747 661 3802 coniicit:
680 3754 805 3817 inpratiis.

368 3842 383 3888 3
402 3832 518 3887 Orellius
536 3831 658 3900 supplet:
676 3839 715 3885 uti
729 3839 827 3887 videar.

367 3968 468 4023 40011.
489 3916 598 4032 olido.

367 4061 383 4109 5
401 4054 483 4108 Certe
500 4052 623 4119 Rustica
642 4069 658 4106 a
676 4071 731 4121 quc
750 4054 886 4107 didicerat
902 4056 937 4107 τὸ
955 4057 990 4108 τὰ
1009 4056 1152 4109 ἐπιετόλια
1164 4058 1279 4123 ἀφελῶς
1292 4060 1419 4125 γράφει1,

282 4140 363 4193 aliter
381 4137 545 4207 scripsisset.
1099 4173 1101 4177 -

366 4230 382 4277 6
401 4225 434 4277 cf.
452 4222 620 4276 Lachmann.
641 4223 677 4276 ad
694 4224 802 4278 Lucret.
823 4242 850 4293 p.
866 4232 921 4279 133.

367 4315 380 4363 7
400 4307 586 4361 Heindorfius:
606 4312 695 4362 Habes
713 4330 752 4363 ca.

365 4399 381 4447 8
399 4394 470 4447 Usus
488 4392 754 4461 postulatapocturi.
784 4398 959 4461 Heindm’fina.

365 4476 465 4532 90111.
485 4494 537 4530 sec.
556 4494 592 4529 m.
610 4497 724 4545 pansam.

350 4568 380 4616 10
397 4560 563 4616 Niebuhrius
580 4561 731 4616 rectissimo
748 4563 882 4631 intelligit
898 4563 1022 4617 Marcum
1041 4564 1199 4631 Caesarem
1217 4564 1306 4619 Maius
1323 4582 1426 4633 perpe:

280 4663 341 4701 ram
359 4646 465 4715 cogitat
483 4646 517 4699 de
534 4646 564 4699 L.
576 4645 658 4713 Vero,
677 4646 723 4713 qui
740 4647 807 4700 tunc
824 4665 894 4715 puer
913 4650 974 4701 erat
991 4649 1126 4702 tredecim
1145 4667 1287 4703 annorum.

351 4738 379 4784 ll
397 4730 498 4799 Incipit
516 4730 581 4784 cod.
600 4731 727 4784 Ambros.
746 4749 772 4799 p.
788 4738 845 4785 109.
895 4744 902 4750 ‘

351 4822 380 4867 12
399 4816 544 4869 Cramerus
564 4815 675 4884 supplet
690 4820 749 4881 suia

350 4906 380 4953 13
397 4900 498 4953 Maius:
518 4905 601 4953 otium.
637 4898 716 4952 Coa:
735 4906 791 4955 item
809 4906 900 4956 odium.
