3300 6050
280 861 320 924 72
487 860 523 914 M.
538 858 707 914 CORNELII
725 859 932 914 FRONTONIS
950 859 1207 915 EPISTULARUM

279 1030 368 1093 illam
389 1031 493 1113 ipsam
526 1030 706 1114 epistulam,
736 1052 798 1113 qua
824 1031 858 1093 id
884 1031 1125 1115 significabam,
1155 1033 1323 1096 scribendo
1346 1034 1421 1097 dare

280 1146 408 1214 operam
423 1133 604 1216 nequirem3
625 1135 674 1213 set
688 1136 795 1196 uterer
811 1135 923 1197 contra
938 1155 1059 1196 morem
1073 1134 1219 1197 nostrum
1240 1184 1400 1198 ........
1412 1137 1418 1175 ¹

623 1387 669 1452 X.
706 1385 849 1471 (Cacsar
872 1386 1075 1471 Frontoni).

366 1572 525 1586 .......
556 1529 631 1585 Vale
662 1529 705 1586 mi
730 1528 848 1586 Fronto
881 1529 963 1587 caris
980 1522 1005 1606 Ρ
1020 1523 1108 1586 sime.
1153 1524 1269 1587 Mater.
1290 1546 1361 1587 mea
1389 1528 1421 1589 te

188 1654 193 1665 ·
280 1624 410 1688 salutat.
455 1622 642 1688 Consulem3
665 1626 811 1688 nostrum
833 1624 937 1688 saluta
960 1627 992 1688 et
1014 1627 1194 1688 matronam
1215 1628 1367 1689 nostram.

634 1877 702 1944 XI.
737 1877 865 1944 Cacsar
887 1877 1075 1944 Frontoni.

365 2013 556 2077 Volentibus
579 2014 627 2076 dis
650 2035 739 2097 spem
762 2013 874 2077 salutis
896 2015 1042 2078 nancisci
1057 2015 1215 2079 videmur:
1240 2015 1301 2078 alvi
1317 2016 1421 2078 fluxus

283 2116 442 2197 constitit,
476 2115 651 2178 febriculae
685 2115 852 2198 depulsae:
882 2115 1000 2179 macies
1034 2118 1142 2180 tamen
1173 2117 1356 2200 pertenuis⁴
1390 2120 1422 2179 et

280 2217 436 2280 tusiculae
458 2216 607 2280 nonnihil
634 2219 745 2279 restat.
790 2216 940 2281 Profecto
962 2217 1125 2302 intellegis
1154 2218 1192 2281 de
1213 2216 1344 2300 parvola
1367 2240 1421 2280 no-

281 2321 349 2381 stra
370 2317 545 2381 Faustina⁵
568 2317 647 2381 haec
674 2339 725 2380 me
753 2317 814 2381 tibi
837 2318 985 2400 scribere,
1009 2340 1067 2401 pro
1089 2341 1152 2402 qua
1180 2319 1258 2381 satis
1286 2319 1419 2402 egimus

282 2419 354 2483 Tibi
376 2419 524 2483 valetudo
547 2442 589 2483 an
604 2423 662 2503 pro
678 2440 748 2483 meo
770 2422 845 2482 voto
868 2442 901 2483 sc
924 2420 1153 2504 adcommodet,
1176 2421 1230 2484 fac
1251 2421 1361 2503 sciam,
1378 2421 1419 2483 mi

219 2593 222 2598 ,
281 2521 444 2607 magister.

549 2694 552 2702 Ι
633 2725 721 2790 ΧΠ.
753 2723 889 2790 Fronto
913 2724 1068 2790 Caesari.
1105 2692 1107 2699 Ι

273 2943 275 2946 ⁴
365 2860 411 2924 Ut
433 2882 503 2944 ego,
528 2861 560 2924 di
581 2860 668 2942 bom,
693 2862 916 2924 consternatus
939 2860 1016 2923 ‘sum
1043 2861 1126 2924 lecto
1150 2861 1244 2924 initio
1267 2862 1422 2945 epistulae

281 2963 372 3026 tuae!
402 2961 505 3046 quod6
531 2961 579 3025 ita
608 2960 763 3046 scriptum
789 2962 862 3045 fuit,
892 2965 928 3026 ut
954 2965 1056 3026 tuum
1074 2961 1201 3046 aliquod
1230 2963 1422 3027 valetudinis

281 3064 457 3148 periculum
479 3064 656 3148 significari
679 3064 866 3148 suspicarer.
912 3064 1085 3146 Postquam
1112 3064 1225 3127 deinde
1246 3065 1319 3128 illut
1341 3065 1421 3157 peri3

190 3202 201 3219 ι
283 3166 398 3248 culum,
428 3167 511 3249 quod
533 3167 623 3250 quasi
645 3169 737 3229 tuum
758 3166 916 3250 principio
943 3165 1123 3229 litterarum
1145 3167 1272 3227 tuarum
1295 3188 1422 3248 accepe-

279 3289 375 3350 ram„
390 3268 474 3331 filiae
496 3270 571 3331 tuae
593 3267 766 3332 Faustinae
793 3268 893 3331 fuisse
923 3267 1098 3351 appernisti
1106 3267 1128 3348 ⁷,
1159 3270 1316 3350 quantum
1343 3266 1422 3329 mihi

281 3372 480 3452 permutatus
509 3372 557 3432 est
583 3371 696 3452 pavor!
725 3382 786 3433 nec
813 3371 1013 3452 permutatus
1046 3368 1149 3450 modo,
1182 3390 1292 3431 verimi
1325 3368 1422 3431 etiam

167 3520 171 3525 .
281 3470 389 3534 nescio
411 3492 473 3553 quo
495 3473 589 3553 pacto
611 3471 760 3534 nonnihil
782 3469 975 3533 sublevatus,
1031 3468 1128 3532 Dicas
1155 3469 1246 3533 licet:
1279 3468 1421 3532 leviusne

281 3573 340 3634 tibi
363 3572 466 3647 visum
488 3574 537 3634 est
558 3572 642 3634 ffliae
664 3594 753 3635 meac
776 3571 953 3655 periculum
975 3593 1071 3654 quam
1092 3570 1222 3633 mcum?
1248 3569 1351 3633 tibine
1376 3570 1422 3632 ita

282 3674 385 3735 visum
407 3672 461 3755 qui
483 3674 626 3756 praefers
648 3672 836 3736 Faustinam
858 3672 910 3735 id8
931 3671 990 3735 tibi
1014 3694 1092 3753 esse,
1117 3671 1200 3754 quod
1214 3670 1318 3734 lucem
1341 3693 1422 3734 sere-

282 3796 367 3856 nam,
392 3774 475 3856 quod
497 3774 580 3837 diem
602 3775 731 3857 festum,
755 3775 837 3858 quod
857 3795 946 3857 spem
960 3773 1184 3857 propinquam,
1208 3773 1291 3855 quod
1313 3775 1422 3836 votum

368 4069 380 4115 1
400 4064 431 4115 In
449 4062 573 4116 extrema
589 4061 695 4131 pagina
712 4059 743 4125 Q.
762 4060 849 4113 VIII.

366 4146 599 4200 2Desitlerantur
616 4144 736 4215 paginae
756 4146 883 4213 quatuor.
920 4143 1021 4212 Incipit
1039 4142 1104 4197 Cod.
1123 4143 1187 4197 Vat.
1207 4150 1306 4212 11142.

366 4231 526 4298 3111tellige
546 4228 685 4297 quemvis
704 4246 737 4282 ex
756 4228 851 4283 amicis
873 4231 923 4282 aut
944 4226 1105 4282 necessariis
1122 4227 1282 4294 Frontonis,
1305 4229 1422 4282 fortasse

280 4317 404 4371 fratrem.
441 4319 535 4369 Maius.

366 4400 467 4455 40011.
486 4418 528 4468 pr.
547 4417 583 4452 m.
603 4395 770 4467 penitentias
847 4414 849 4418 ⁴
922 4466 925 4469 ἢ

366 4492 381 4539 5
399 4483 522 4538 Domitia
539 4482 680 4550 Faustina,
698 4501 769 4552 quae
786 4485 885 4538 tenera
902 4485 995 4537 aetate
1014 4482 1114 4537 obiisse
1127 4484 1243 4538 videtur.
1275 4483 1421 4552 Inscriptio

166 4593 167 4596 ¹
281 4570 392 4625 inventa
410 4568 498 4624 estin
514 4567 679 4622 Hadrianio:
700 4573 810 4623 Domitia
827 4574 959 4633 Faustina,
978 4573 1017 4622 M.
1031 4573 1132 4623 Aurelii
1144 4573 1264 4622 Caesaris
1279 4573 1342 4635 filio,
1360 4573 1421 4636 imp.

283 4660 406 4709 Antonini
423 4659 533 4723 Aupusti
549 4658 603 4709 PP.
624 4659 716 4721 neptis.
761 4714 764 4720 ¹

366 4738 466 4792 ouod.
485 4757 527 4807 pr.
546 4756 582 4791 m.
603 4748 670 4807 quot.

367 4822 525 4876 itinerum
541 4845 560 4892 p
579 4824 700 4877 deletum
718 4821 834 4877 videtur.

366 4905 465 4963 scod.
485 4926 526 4978 pr.
546 4925 582 4961 m.
601 4918 636 4962 ai.
