3300 6050
604 871 803 925 EPISTULAE
822 871 999 924 GRAECAE.
1307 873 1369 936 2ῦῖ

229 1044 363 1107 πίςτεως
392 1044 444 1107 διὰ
471 1044 546 1107 τοὺς
568 1043 746 1122 ἐριῖινταςῐ,
775 1045 818 1106 διῖ
840 1043 920 1119 ἡμᾶς
949 1044 985 1105 δέ
1007 1042 1083 1106 τοὺς
1105 1041 1224 1105 ἀλλους
1248 1048 1371 1122 βεβαιο-

228 1147 324 1225 τέραν
347 1147 405 1223 τὴν
428 1145 525 1210 δόξαν
548 1146 701 1222 κέκτηςθε.
746 1143 777 1208 Εἰ
799 1149 880 1220 γοῦν
902 1165 948 1207 τις
970 1149 1036 1207 τῶν
1059 1144 1190 1222 μηδέπω
1215 1165 1246 1208 ςε
1270 1145 1371 1222 ἑωρα-

230 1250 335 1312 κότων
359 1246 573 1326 πυνθάνοιτο,
604 1247 720 1310 ὁποῖός
746 1266 792 1310 τις
822 1245 926 1328 είλῖης
948 1249 1006 1324 τὴν
1037 1246 1130 1325 ὄψιν,
1159 1238 1234 1325 ἐμοί
1251 1248 1307 1322 μὲν
1330 1247 1369 1309 ἀν

230 1350 389 1414 πιςτεῦςαι
419 1348 620 1424 ἐπαινοῦντι,
649 1348 758 1425 μαθὼν
788 1347 837 1412 ὅτι
865 1347 923 1410 οῦκ
953 1348 1032 1427 ἐρῶ·
1069 1355 1115 1430 τῷ
1143 1349 1175 1411 δ’
1197 1348 1370 1425 ἀπιςτήςαι,

232 1452 277 1514 ιίις
304 1451 363 1514 οῦκ
391 1449 517 1526 ἀληθῶς
547 1448 622 1511 ἀλλ’
651 1448 812 1527 ἐρωτικῶς
841 1449 1035 1514 ἐπαινοῦντι.
1079 1449 1186 1512 Ὅςοις
1220 1452 1276 1527 μὲν
1312 1447 1371 1512 οῦν

232 1551 318 1632 λώβη
341 1572 387 1614 τις
410 1551 554 1628 ςώματος
576 1550 626 1613 καί
654 1549 765 1629 αίςχος
792 1552 842 1613 καὶ
869 1550 1012 1630 ἀμορφία
1034 1550 1210 1628 πρόςεςτιν,
1234 1550 1373 1616 εῦξαιντδ

232 1655 271 1717 ἀν
288 1652 417 1716 εἰκότως
439 1651 571 1730 ἐραςτάς
594 1651 702 1716 αὑτοῖς
724 1653 884 1727 γενέςθαι·
909 1652 1025 1730 οὐγὰρ
1049 1653 1088 1716 ἀν
1111 1652 1169 1715 ὑπ’
1191 1651 1300 1715 ἀλλων
1323 1658 1372 1714 θε-

232 1754 425 1832 ραπεύοιντο
455 1753 474 1830 ἢ
503 1756 570 1817 τιῦν
599 1755 670 1816 κατ’
699 1754 854 1832 ἐρωτικὴν
882 1753 998 1818 λύτταν
1027 1753 1077 1817 καὶ
1106 1752 1247 1830 ἀνάγκην
1276 1774 1373 1831 προς-

233 1857 359 1920 ιόντων.
404 1855 445 1919 (ῦ
474 1855 509 1917 δὲ
538 1853 572 1919 ἐν
600 1860 646 1938 τῷ
674 1860 789 1938 τοιῷδε
819 1856 926 1919 κάλλει
956 1855 1014 1919 οὐκ
1043 1855 1110 1919 ἐςθ’
1139 1855 1187 1919 ὅτι
1216 1856 1374 1934 καρπώςει

143 1951 146 1956 ’
232 1959 334 2021 πλέον
367 1956 427 2020 ὑπ’
461 1955 610 2034 ἐρωτοε3.
662 1956 764 2021 Οὐδὲν
796 1958 857 2035 γὰρ
889 1956 987 2034 ἦττον
1015 1957 1143 2022 δέονταί
1170 1979 1227 2022 ςου
1257 1958 1287 2021 οἱ
1315 1957 1373 2034 μὴ4

233 2060 380 2137 ἐριῦντες.
425 2057 584 2136 Ἀχρήίοι5
613 2059 647 2120 δὲ
676 2057 707 2120 οί
735 2058 863 2137 έραςταὶ
890 2061 959 2121 τοῖς
993 2057 1098 2122 ὄντως
1133 2061 1241 2122 καλοῖς
1276 2057 1373 2121 οὐδὲν
1464 2104 1466 2109 ,

233 2160 331 2236 ἧττον
354 2161 373 2237 ἢ
396 2162 463 2222 τοῖς
486 2158 614 2222 δικαίως
637 2159 881 2236 ἐπαινουμένοις
905 2160 935 2222 οἱ
957 2160 1097 2224 κόλακες.
1134 2160 1243 2238 Ἀρετὴ
1267 2159 1375 2222 δὲκαὶ

234 2260 311 2326 δόξα
338 2261 388 2324 καὶ
415 2261 485 2339 τιμὴ
513 2262 564 2323 καὶ
590 2261 736 2339 κέρδοςί.
784 2254 904 2339 Κόςμος
931 2261 1068 2344 θαλάττῃ
1097 2264 1153 2339 μὲν
1182 2264 1295 2325 ναῦται
1323 2262 1373 2322 καὶ

233 2366 422 2442 κυβερνῆται
444 2362 494 2423 καὶ
515 2361 700 2441 τριήραρχοι
721 2363 771 2425 καὶ
793 2362 928 2442 ἔμποροι
950 2363 1000 2425 καὶ
1023 2363 1054 2425 οἱ
1077 2362 1184 2426 ἄλλως
1206 2363 1372 2440 πλέοντες,

235 2470 274 2527 οῦ
297 2465 339 2541 μὰ
361 2464 426 2526 Δία
448 2464 614 2543 δελφῖνες,
637 2463 685 2527 οἷς
708 2463 870 2530 ἀδύνατον
893 2465 930 2527 τὸ
953 2467 1010 2541 Ζῆν
1033 2464 1081 2527 ὅτι
1104 2466 1144 2542 μὴ
1167 2465 1203 2527 ἐν
1225 2464 1375 2546 θαλάττῃ,

234 2565 359 2629 καλοῖς7
394 2566 429 2627 δὲ
461 2565 548 2643 ἡμεῖς
581 2565 611 2628 οἱ
637 2566 805 2642 τηνάλλως
838 2566 1047 2630 ἐπαινοῦντες
1074 2566 1123 2628 καὶ
1151 2565 1391 2642 ἀςπαζόμενοι,

236 2668 306 2746 οῦχὶ
328 2666 468 2745 ἐραςταί,
498 2665 546 2731 οἷς
573 2666 713 2746 ἀβίωτον
742 2667 781 2731 ἀν
810 2667 857 2745 είη
888 2667 1090 2745 ςτερομένοις
1117 2673 1183 2731 τῶν
1207 2671 1373 2731 παιδικῶν.

235 2768 345 2847 Εὕροις
366 2770 400 2831 δ)
421 2768 460 2832 ἀν
484 2773 613 2832 ςκοπιῖιν
637 2769 782 2847 πλείςτης
802 2768 930 2834 ἀδοξίας
953 2768 1071 2832 αἰτίους
1094 2770 1150 2846 μὲν
1174 2768 1272 2834 ὄντας
1299 2770 1375 2832 τοὺς

235 2870 383 2948 ἐραετάς·
422 2869 552 2935 ἀδοξίαν
581 2871 616 2933 δὲ
644 2870 776 2951 φεύγειν
805 2870 950 2934 ἅπαντας
979 2871 1036 2947 μὲν
1065 2873 1125 2949 χρὴ
1153 2873 1229 2935 τοῦς
1257 2871 1375 2951 εὐφρο-

235 2974 383 3045 νοῦντας,
406 2969 536 3048 μάλιςτα
558 2972 594 3035 δὲ
615 2972 692 3035 τοὺς
714 2972 819 3052 νέους,
845 2971 894 3035 οἷς
909 2971 962 3034 ἐπὶ
983 2973 1181 3052 μακρότερον
1205 2973 1376 3048 ἐγκείςεται

236 3073 273 3134 τὸ
296 3073 394 3135 κακὸν
417 3071 452 3134 ἐν
475 3072 557 3154 ἀρχῇ
580 3076 701 3151 μακροῦ
725 3073 795 3152 βίου
817 3074 1007 3150 προςπεςόν.

320 3171 441 3250 Ὥςπερ
471 3171 530 3237 οῦν
558 3172 655 3251 ίεριῦν
684 3174 733 3236 καὶ
760 3174 883 3250 θυείας,
917 3174 1004 3237 οὕτω
1038 3175 1088 3238 καί
1114 3179 1174 3239 τοῦ
1203 3177 1272 3257 βίου
1299 3179 1375 3241 τοὺς
1436 3216 1440 3221 -

237 3275 436 3353 ἀρχομένους
459 3274 605 3363 εὐλογίας
630 3274 791 3357 ίῧμάλιςτα
805 3298 849 3355 πρ
865 3325 963 3339 .....
986 3279 1053 3341 τοῖς
1071 3280 1137 3341 τιῦν
1154 3327 1160 3339 .
1176 3328 1181 3339 .
1199 3328 1205 3339 .
1222 3278 1264 3341 εἰς
1275 3279 1375 3358 ,ἐςχά-

236 3398 292 3455 την
316 3375 446 3442 ἀδοξίαν
469 3397 489 3439 α
512 3426 517 3438 .
545 3425 551 3437 .
578 3422 585 3437 .
609 3376 744 3440 τούτους
766 3378 801 3440 δὲ
823 3379 979 3457 χρηςτοὺς
1001 3378 1132 3457 ἐραςτάς
1153 3379 1227 3445 ἐξὸν
1251 3380 1277 3442 εἰ
1301 3428 1307 3442 .
1334 3429 1341 3441 .
1368 3430 1374 3441 .

237 3478 332 3542 πέντε
362 3479 412 3541 καί
435 3526 442 3541 .
469 3527 475 3539 .
502 3527 509 3539 .
535 3528 541 3540 .
566 3499 586 3541 α
608 3498 675 3541 νεικ
699 3526 705 3540 .
732 3525 739 3541 .
765 3527 771 3540 .
795 3497 856 3543 νον
884 3482 988 3557 χρῆμα
1016 3480 1160 3559 ἐραςταῑς
1184 3530 1190 3543 .
1217 3531 1223 3542 .
1249 3530 1256 3543 .
1286 3502 1374 3545 του.

240 3627 246 3641 .
273 3629 278 3641 .
304 3629 310 3642 .
334 3582 369 3643 δὲ
396 3580 528 3657 καὶγὰρ
557 3580 587 3643 οἱ
610 3572 748 3659 ἐρῶντες
771 3581 822 3644 διὰ
844 3586 910 3645 τῦιν
933 3586 1068 3647 τοιιῦνδε
1092 3582 1290 3662 φορημάτων
1317 3583 1377 3646 οῦκ
1440 3588 1442 3592 ’

238 3680 379 3744 ἐκείνους
400 3684 538 3762 τιμιῦςιν,
563 3680 637 3743 ἀλλ’
660 3680 751 3745 αὐτοὶ
767 3681 1057 3762 ἀλαζίζονεῦονταί
1072 3704 1105 3746 τε
1120 3684 1170 3746 καὶ
1185 3684 1376 3749 ἐπιδείκνυν-

324 3838 336 3882 1
355 3830 474 3884 Videtur
491 3831 587 3885 deesse
610 3834 806 3899 διαμαρτάνειν
828 3833 873 3885 vel
891 3835 1005 3898 ἀτυχεῖν
1022 3834 1066 3887 vel
1084 3833 1240 3886 huiusmodi
1259 3836 1376 3888 vocabu·
1418 3903 1422 3907 Ι

237 3914 303 3981 lum,
323 3914 366 3967 cui
384 3933 448 3969 mox
464 3916 637 3970 reddendum
654 3921 811 3982 κεκτῆςθαι.
848 3923 1021 3984 Heindorfiue

323 4006 338 4052 2
357 3999 457 4067 Incipit
476 3998 542 4053 Cod.
561 4002 688 4054 Ambroe
707 4018 734 4069 p.
754 4007 796 4055 84.
833 4000 937 4055 Codex:
958 4003 1010 4069 εἴη.

324 4092 339 4137 3
357 4083 523 4137 Niebuhrius
541 4084 652 4139 coniicit
670 4088 801 4153 ἐριῦντος.

323 4174 340 4221 4
358 4167 461 4221 Codex:
482 4176 635 4237 μηριῦντες.

323 4254 400 4306 esta
418 4252 519 4306 Codex,

323 4343 339 4389 θ
358 4335 461 4389 Codex:
481 4339 600 4405 ςκέρδος.
627 4340 703 4393 Haec
721 4342 807 4394 verbe
824 4357 880 4393 non
897 4340 1031 4410 intellige.
1069 4342 1305 4411 simplicissimum
1324 4346 1377 4397 erit

240 4440 302 4475 cum
320 4422 492 4474 Buttmanno
509 4422 631 4475 inserere
649 4424 706 4477 καί·
726 4428 771 4477 καί
790 4426 885 4491 κέρδος
904 4429 958 4479 καί
976 4427 1077 4491 κόςμος
1095 4428 1221 4494 θαλάττῃ
1240 4431 1296 4480 κτὲ.

326 4512 340 4559 7
359 4506 463 4560 Codex:
494 4508 628 4573 κάλλους,
652 4508 727 4574 quod
744 4507 832 4561 miror
849 4508 971 4561 nondum
988 4509 1073 4563 fuisse
1092 4510 1291 4564 emendatum·
1312 4513 1376 4564 Mox

240 4591 392 4644 Iaeobsius:
411 4593 464 4657 οῦχ
481 4592 508 4645 οί
525 4592 643 4658 έραςταί.

324 4682 340 4729 θ
359 4674 488 4743 Sequitur
511 4675 576 4730 Cod.
600 4677 729 4730 Ambros.
748 4694 775 4745 p.
795 4683 841 4743 83,
857 4676 941 4754 'euius
964 4680 1102 4746 scriptura
1124 4681 1243 4734 evanida
1264 4684 1377 4748 praeter

241 4762 352 4814 ultimos
370 4778 466 4814 versus
484 4762 534 4814 eol.
554 4760 675 4814 alterius.
712 4760 830 4829 Supplet
846 4761 1034 4815 Heindorfius:
1066 4764 1181 4828 μάλιςτα
1203 4766 1302 4831 πρέπει
1320 4768 1376 4819 ἐπι-

242 4841 386 4910 μελεῖςθαι.
1362 4843 1370 4853 ’

325 4935 341 4983 9
358 4929 459 4999 Incipit
477 4930 542 4987 Cod.
562 4931 687 4984 Αιιιδιοο.
707 4947 733 4998 p.
754 4935 794 4984 74.

294 5047 394 5087 FRONT.
414 5050 448 5084 m
467 5049 570 5091 AUREL,
589 5051 679 5093 EPIST,
1136 5018 1174 5085 Π
