3300 6050
257 873 296 935 10
463 870 498 923 M.
519 869 688 924 CORNELII
706 868 913 923 FRONTONIS
931 868 1186 923 EPISTULARUM

254 1041 335 1105 Sed¹
358 1041 433 1123 quid
455 1063 584 1103 somnus
607 1041 708 1103 feeit?

490 1146 589 1222 βουλὴ
613 1145 648 1207 δὲ
670 1146 748 1221 κακὴ
771 1143 895 1221 νίκηεεν
918 1143 1060 1222 ἑταίρων.

385 1245 480 1308 ἀεκάν
504 1246 560 1323 μὲν
584 1249 692 1326 λῦεαν,
715 1244 826 1323 ἄνεμοι
850 1245 877 1308 δ’
893 1245 927 1308 ἐκ
948 1246 1067 1309 πάντεε
1090 1245 1240 1325 ὄρουεαν,

378 1348 455 1410 τοὺ(
477 1346 504 1409 δ’
520 1345 592 1423 αἷψ>
614 1345 776 1423 ἁρπάξαεα
799 1345 919 1424 φέρεν2
941 1346 1100 1411 πόντονδε
1125 1347 1243 1410 θύελλα

378 1449 546 1512 κλαίοντα(
553 1497 562 1528 ,
584 1447 674 1525 γαίη(
697 1446 762 1510 duo
785 1447 945 1524 πατρίδοε.

252 1564 335 1639 Quid
357 1586 483 1627 rursum
506 1568 584 1646 aput
605 1564 745 1627 insulam
766 1563 992 1627 Trinacriam?

380 1667 411 1731 οἱ
433 1668 461 1730 δ’
477 1667 538 1744 ἄρα
561 1688 612 1745 μοι
634 1668 753 1742 γλυκὺν
776 1661 881 1730 ὕπνον
904 1668 956 1731 ἐπὶ
979 1669 1183 1748 βλεφάροιτιν
1206 1669 1330 1745 ἔχευαν.

380 1768 562 1846 Εὕρῦλοχοε
585 1768 612 1832 δ>
627 1768 761 1846 ἑτάροιει
784 1773 880 1847 κακῆε
902 1769 1050 1848 ἐξήρχετο
1074 1772 1197 1849 βουλῆε.

252 1884 368 1949 Postea
390 1885 445 1948 ubi
1218 1891 1223 1899 '

400 2018 405 2025 ·
490 1988 626 2052 Ἠελίοιο
651 1989 727 2067 βόα(
749 1991 799 2052 καὶ
821 1989 894 2069 ἴφια
917 1992 999 2067 μῆλα

657 2091 796 2170 ἕεφαξαν
820 2092 871 2153 καὶ
892 2090 1019 2168 ἔδειραν

405 2193 455 2256 καὶ
478 2193 547 2270 μῆρ’
570 2192 645 2270 ἐκάη
668 2193 719 2255 καὶ
741 2192 894 2269 επλάγχν
916 2192 1083 2257 ἐπάεαντο.

252 2307 335 2382 Quid
356 2312 427 2372 tum
449 2308 652 2394 expergitus3
675 2307 809 2372 Ulixes?

380 2429 516 2508 οἰμώξαε
539 2432 575 2492 δὲ
597 2432 695 2492 θεοῖει
720 2428 783 2506 μετ’
806 2428 989 2493 ἀθανάτοιο
1011 2429 1188 2504 γεγώνευν·

379 2530 398 2608 ἦ
421 2551 458 2608 με
481 2530 552 2608 μάλ’
575 2529 619 2593 εἰ(
642 2528 720 2606 ἄτην
743 2531 909 2607 κοιμήεατε
932 2532 1019 2607 νηλέι
1042 2530 1141 2613 ὕπνῳ.

338 2644 475 2710 Somnus
513 2650 621 2709 autem
654 2645 771 2710 Ulixen
808 2668 849 2709 ne
882 2647 1021 2729 patriam
1056 2647 1183 2730 quidem
1217 2668 1308 2710 suam
1339 2649 1393 2711 din

253 2748 462 2833 agnaseeret⁴
484 2748 567 2830 sivit,
593 2747 681 2810 euius

439 2868 509 2931 5καὶ
531 2869 654 2933 καπνὸν
678 2866 929 2945 ἀποθρώεκοντα
951 2872 1062 2945 νοῆται

379 2968 416 3048 ἦε
438 2970 528 3048 γαίηε
550 2970 675 3035 θανέειν
697 2969 843 3049 ἱμείρετο.

252 3087 348 3151 Nune
371 3110 389 3149 a
411 3087 538 3151 Laertio
568 3089 606 3150 ad
629 3088 778 3151 Atridam
799 3091 939 3150 transeo.
989 3086 1074 3150 Nam
1102 3087 1181 3150 illud
1208 3090 1391 3173 nectatur,

252 3190 335 3272 quod
358 3212 430 3252 eum
451 3190 586 3273 decepit,
611 3190 699 3252 euius
723 3211 818 3252 eausa
841 3192 889 3252 tot
904 3189 1046 3273 legiones
1063 3190 1252 3273 funduntur,
1275 3191 1392 3275 sugan-

251 3293 314 3373 tur,
339 3314 377 3355 ex
400 3313 510 3354 somno
533 3296 566 3354 et
588 3314 625 3354 ex
648 3292 770 3353 somnio
793 3292 937 3374 profecto
960 3292 1071 3354 oritur.

336 3392 447 3474 Quid,
472 3415 567 3475 quom
590 3394 757 3472 ὁποιητὴε
772 3394 1050 3476 Agamemnonem
1072 3394 1193 3475 laudat,
1224 3394 1300 3477 quid
1323 3394 1393 3457 ait?

252 3595 344 3678 Quid,
368 3617 463 3679 quom
485 3594 735 3677 repraehendit?

378 3699 417 3762 οὐ
440 3700 499 3776 χρὴ
522 3698 701 3775 παννύχιον
723 3696 827 3761 εὕδειν
850 3698 1058 3777 βουληφόρον
1080 3696 1191 3776 ἄνδρα.

251 3797 340 3872 Quos
359 3798 486 3881 quidem
509 3818 616 3860 versus
638 3800 746 3859 orator
768 3797 917 3880 egregius
939 3797 1038 3860 mire⁸
1060 3798 1221 3880 quondam
1243 3800 1368 3862 evertit.

320 4067 418 4122 l'Cod.
438 4070 480 4121 Se.

317 4152 418 4206 seed.
438 4170 479 4220 pr.
499 4170 534 4205 m.
554 4153 664 4218 ἔφερεν,

318 4244 334 4291 3
352 4236 457 4290 Codex:
476 4241 634 4305 expereilus3
656 4235 757 4289 Maius:
776 4248 908 4305 expertus.
943 4236 1047 4290 Veram
1065 4236 1232 4305 scripturam
1248 4237 1306 4291 iam
1324 4238 1391 4293 divi-

250 4323 352 4375 narant
368 4320 558 4381 Berolinenses
575 4321 604 4372 in
621 4320 769 4374 Addendis.

317 4406 395 4458 llta
418 4404 518 4458 Codex.
563 4404 750 4459 Heindorfius:
775 4412 886 4460 interdiu
909 4424 1049 4473 agnoscere
1072 4411 1136 4459 sivit.
1184 4405 1336 4460 lacobsius:
1360 4428 1390 4461 ne

249 4495 360 4556 patriam
379 4496 517 4558 quaesitum
535 4495 577 4543 diu
594 4502 753 4559 (rytzoseeret.

318 4573 451 4642 5lneipit
469 4573 534 4627 cod.
553 4574 679 4627 Ambros.
699 4594 726 4643 p,
740 4582 780 4629 97.

318 4664 333 4710 6
351 4658 470 4727 Propter
492 4658 597 4712 Maium
618 4677 717 4714 moneo
741 4659 779 4712 sie
802 4662 876 4713 reete
898 4660 955 4728 legi
977 4660 1006 4713 in
1029 4661 1141 4725 Codice
1172 4663 1277 4715 ceteras
1299 4662 1391 4716 varias

249 4741 383 4795 lectiones
400 4740 429 4793 in
447 4741 560 4796 Homeri
577 4743 720 4797 versieulis
739 4759 794 4795 non
813 4743 915 4797 euran'.

319 4831 332 4878 7
353 4825 456 4879 Codex:
475 4834 549 4896 quod.

319 4914 334 4962 8
352 4907 524 4966 Vocabulum
542 4913 620 4967 deest
638 4930 703 4965 easu
721 4912 749 4965 in
768 4912 834 4965 edit.
854 4914 932 4966 Rom.
969 4913 1063 4967 Habet
1079 4914 1151 4967 Med.
