3300 6050
281 860 322 928 62
381 919 384 925 ,
491 858 527 914 Μ.
543 857 712 915 CORNELII
728 857 936 914 rnonroms
954 855 1210 914 EPISTULARUM

281 1035 430 1116 temptat,
455 1054 554 1115 eoque
575 1032 681 1096 minus
704 1022 910 1116 praecipitat3
944 1032 1123 1096 diffidentia
1155 1033 1300 1115 profecto
1329 1033 1424 1096 auda-

283 1135 365 1198 ciam
386 1133 564 1218 prohibete.
609 1134 656 1196 At
677 1134 732 1198 ubi
754 1139 825 1218 quis
848 1134 961 1198 leviter
984 1135 1059 1218 quid
1083 1134 1248 1218 cognitum
1269 1156 1327 1217 pro
1351 1156 1424 1197 con-

280 1238 372 1319 perto
387 1236 410 1320 l¹
438 1238 591 1318 ostentat,
619 1235 702 1299 falsa
729 1236 847 1299 fiducia
875 1235 1086 1299 multifariam
1107 1235 1236 1300 labitur.
1282 1236 1424 1299 Philoso-

281 1337 375 1420 phiae
398 1358 522 1421 quoque
544 1337 729 1420 disciplinas
753 1337 845 1421 aiunt
866 1338 966 1401 satius
989 1360 1057 1401 esse
1071 1357 1246 1421 numquam
1264 1339 1422 1422 attigisse,

281 1460 377 1521 quam
399 1438 512 1502 leviter
536 1427 570 1502 et
597 1439 801 1522 primoribus,
830 1443 867 1503 ut
889 1437 1017 1522 dicitur,
1047 1439 1142 1503 labiis
1164 1439 1334 1523 delibasse3
1359 1462 1424 1503 eos-

282 1563 342 1624 que
363 1540 531 1625 provenire
553 1541 829 1624 malitiosissimos,
854 1542 957 1626 quiin
979 1541 1136 1606 vestibulo
1159 1542 1238 1605 artis
1253 1542 1422 1623 obversati,

281 1643 370 1726 prius
398 1643 472 1706 inde
502 1642 677 1706 averterint
709 1665 805 1725 quam
834 1645 1076 1727 penetraverint
1084 1645 1108 1707 ¹³.
1154 1643 1276 1707 Tamen
1310 1646 1358 1706 est
1389 1644 1424 1706 in

282 1744 354 1807 aliis
387 1745 509 1808 artibus
542 1744 598 1807 ubi
630 1744 791 1808 interdum
820 1744 1017 1828 deficiseas2,
1052 1750 1084 1809 et
1112 1746 1233 1828 peritus
1262 1743 1425 1828 paulisper

281 1847 418 1909 habeare
441 1846 525 1929 quod
546 1847 681 1910 nescias.
725 1846 765 1909 ln
793 1846 898 1910 verbis
924 1868 999 1910 vero
1022 1847 1178 1931 eligendis
1207 1831 1424 1911 conlocandis-

282 1970 342 2032 que
364 1948 438 2011 ilico
461 1946 594 2011 dilucet:
631 1969 691 2012 nec
724 1948 821 2011 verba
855 1948 930 2011 dare
961 1949 1080 2027 diutius
1108 1950 1244 2033 potest0,
1279 1947 1357 2031 quin
1390 1970 1424 2011 se

281 2051 349 2134 ipse
371 2050 493 2114 indicet
515 2049 684 2113 verborum
705 2049 856 2134 ignarum
879 2072 958 2132 esse,
989 2072 1087 2134 eaque
1109 2051 1192 2113 male
1214 2050 1360 2133 probare,
1392 2052 1425 2112 et

281 2155 400 2216 temere
424 2151 615 2235 existimare,
640 2154 673 2215 et
693 2152 794 2216 inscie
818 2154 1028 2235 contrectare,
1051 2172 1155 2235 neque
1177 2151 1305 2214 modum
1320 2173 1424 2234 neque

281 2255 404 2338 pondus
427 2253 515 2318 verbi
535 2254 725 2317 internosse.

366 2355 468 2432 Quam
490 2356 530 2420 ob
553 2378 621 2419 rem
643 2355 707 2419 rari
730 2356 901 2420 admodum
922 2359 1066 2420 vetermn
1088 2355 1279 2439 scriptorum
1301 2356 1336 2418 in
1352 2377 1424 2419 eum

281 2459 443 2523 laborem³
465 2459 667 2543 studiumque
693 2461 726 2522 et
745 2459 923 2542 periculum
951 2458 1048 2521 verba
1076 2457 1301 2521 industriosius
1330 2479 1423 2540 quae-

281 2561 372 2625 rendi
400 2582 469 2624 sese
502 2561 696 2631 commisere,
743 2558 915 2625 Oratorum
946 2562 1019 2644 post
1046 2559 1192 2623 homines
1221 2562 1315 2622 natos
1341 2581 1424 2622 unus

282 2663 424 2726 omnium
446 2660 490 2724 M.
507 2660 639 2724 Porcius
662 2661 791 2746 eiusque
813 2663 965 2746 frequens
992 2663 1132 2724 sectator
1153 2659 1203 2724 Ost
1219 2660 1423 2725 Sallustiusl:

282 2768 469 2848 poetarume
497 2764 635 2827 maxime
657 2762 802 2847 Plautus,
826 2764 927 2828 multo
952 2763 1151 2846 maximeque
1173 2762 1310 2844 Ennius,
1340 2784 1424 2825 eum-

283 2888 343 2949 que
364 2865 504 2930 studiose
528 2864 705 2928 aemulatus
728 2865 763 2929 L.
782 2864 919 2947 Coelius,
942 2886 1092 2928 necnon
1114 2863 1255 2928 Naevius
1263 2866 1286 2947 ⁵,
1310 2863 1424 2927 Lucre-

282 2968 357 3052 tius,
381 2967 499 3032 Accius
523 2966 630 3049 etiam,
655 2965 822 3051 Caecilius,
847 2966 1000 3031 Laberius
1023 2987 1156 3051 quoque.
1191 2965 1276 3030 Nam
1297 2969 1425 3049 praeter

282 3070 350 3153 hos,
385 3071 503 3154 partim
535 3055 727 3153 scriptorum
749 3070 986 3133 animadvertas
1008 3069 1227 3152 particulatim
1255 3067 1422 3152 elegantis,

282 3171 422 3236 Novium
445 3176 476 3236 et
498 3172 577 3236 Pom
594 3173 618 3256 ll
634 3172 767 3255 ponium
784 3175 816 3234 et
830 3171 864 3234 id
885 3192 988 3255 genus
1003 3170 1039 3233 in
1052 3170 1177 3233 verbis⁷
1199 3170 1370 3233 rusticanis
1393 3172 1425 3232 et

282 3274 475 3339 iocularibus
504 3296 542 3338 ac
571 3273 772 3356 ridiculariis,
797 3273 911 3336 Attam
938 3272 974 3336 in
1000 3271 1224 3354 muliebribus,
1255 3270 1425 3335 Sisennam

282 3378 317 3440 in
344 3376 521 3460 lasciviisss,
551 3364 709 3439 Lucilium
730 3375 765 3438 in
789 3375 940 3458 cuiusque
969 3374 1048 3437 artis
1071 3395 1108 3437 ac
1129 3374 1253 3458 negotii
1274 3373 1423 3456 propriis.

368 3563 385 3600 a
403 3550 436 3600 ln
453 3551 577 3615 rrzarpr'ne:
595 3544 757 3598 Diffidentia
942 3542 1080 3612 prohibet.

367 3632 385 3685 b
404 3635 438 3684 In
455 3636 579 3698 nrarpr'ne:
602 3627 810 3684 Malitiosissimi
828 3631 892 3683 sunt
910 3627 1002 3695 quiin
1019 3628 1156 3682 vestibulo
1175 3626 1326 3695 obversati,
1348 3626 1425 3697 prius

282 3715 348 3769 inde
367 3714 525 3781 averterint,
545 3732 629 3782 quam
646 3714 863 3783 penetraverint.
958 3764 963 3770 .

369 3805 433 3853 cIn
451 3805 576 3868 marpine:
598 3798 630 3851 ln
647 3797 739 3852 verbis
757 3797 892 3866 eligendis
909 3798 996 3852 verba
1014 3797 1081 3852 dare
1098 3813 1180 3851 nemo
1192 3798 1299 3866 potest;
1317 3796 1346 3849 in
1364 3797 1425 3851 aliis

283 3887 377 3939 tamen
387 3884 494 3938 artibus
503 3882 788 3937 interdumdelitiscas
798 3881 936 3952 etperitus
944 3882 1086 3951 paulisper
1094 3881 1217 3936 habeare
1227 3882 1301 3950 qnod
1310 3883 1424 3936 nescias.

369 3970 438 4023 dIn
455 3976 580 4038 marpine:
610 3968 723 4023 Porcius
747 3967 815 4022 Cato
843 3985 912 4021 unus
938 3966 1060 4021 omnium
1085 3965 1177 4021 verbis
1204 3967 1369 4035 quaerendis
1396 3984 1425 4020 se

285 4054 421 4108 commisit
439 4054 552 4123 eiusque
570 4055 699 4122 frequens
716 4054 839 4107 sectator
857 4051 943 4106 Gaius
961 4050 1115 4106 Sallustius.

278 4151 281 4159 '
369 4140 435 4194 eln
452 4145 576 4208 margine:
600 4137 651 4203 Qui
669 4139 769 4208 poetae
786 4136 880 4191 verbis
898 4136 1070 4191 studuerunt.

284 4264 487 4273 ——-.-.——

370 4334 383 4380 1
403 4326 502 4396 Incipit
521 4326 587 4381 Ood.
606 4324 669 4380 Vat.
689 4344 716 4395 p.
731 4331 787 4381 175.

369 4419 384 4467 2
402 4412 447 4465 Ita
465 4412 564 4466 Codex.

369 4504 384 4552 3
404 4497 508 4551 Codex:
528 4500 647 4551 luborron.

368 4582 447 4636 elta
462 4581 492 4635 in
510 4580 641 4635 contextu
659 4578 687 4635 C.
706 4578 735 4632 in
753 4578 879 4649 margine
898 4578 930 4634 G.

370 4674 385 4721 5
403 4666 480 4720 Haec
496 4665 552 4720 tria
569 4666 656 4719 verba
673 4664 753 4719 addit
771 4682 823 4719 sec.
843 4682 879 4717 m.

370 4757 386 4804 6
403 4750 504 4819 Incipit
522 4749 589 4804 cod.
607 4749 697 4803 Vatic.
716 4768 744 4818 p.
759 4755 815 4803 146.

370 4841 384 4890 7
403 4835 521 4889 Orellius
540 4834 575 4888 ad
592 4833 659 4888 Hor.
677 4833 764 4903 Epist.
778 4834 811 4886 ΙΙ.
827 4842 850 4888 1.
864 4839 907 4887 79:
926 4836 1059 4899 divertite,
1074 4831 1120 4885 vix
1138 4832 1222 4885 recte.
1300 4878 1303 4882 .

370 4924 386 4975 8
405 4918 471 4975 Cod.
490 4937 542 4974 sec.
560 4937 610 4973 m.:
630 4924 742 4973 lascivia.
777 4916 878 4971 Maius:
896 4921 1003 4971 lascivis.
