3300 6050
436 863 485 916 AD
504 863 539 916 M.
555 861 747 918 CAESAREM
763 862 810 916 ΕΤ
829 862 982 918 INVIOEM
998 862 1106 917 LIBER
1122 862 1182 917 IIII.
1344 863 1382 928 71

509 1101 613 1166 lllII.
646 1102 818 1183 Magistro
840 1101 916 1166 lleo
939 1097 1114 1167 Salutem.

327 1238 511 1301 Adventum
543 1240 635 1300 tuum
668 1237 746 1299 mihi
779 1238 881 1300 frater
908 1240 983 1300 tuus
1011 1258 1115 1320 nuper
1147 1198 1381 1315 edqrrelicuro.

244 1337 344 1422 Cupio
371 1338 550 1402 mehercule
576 1339 679 1421 possis
706 1338 830 1420 venire,
866 1339 950 1421 quod
978 1337 1080 1401 salute
1105 1341 1162 1401 tua
1189 1339 1261 1401 fiat:
1291 1360 1383 1422 spero

243 1441 328 1503 enim
349 1442 427 1522 fore,
458 1444 493 1503 ut
516 1440 613 1503 etiam
634 1439 810 1503 valetudini
832 1461 921 1502 meae
950 1442 1138 1522 conspectus
1162 1443 1236 1502 tuus
1265 1440 1383 1523 aliquid

243 1543 401 1606 conferat:
430 1543 479 1606 erc
501 1544 616 1621 ὄμματ’
644 1542 741 1607 εὔνου
765 1543 877 1622 φωτὸς
899 1541 1054 1620 ἐμβλέψαι
1080 1541 1189 1619 γλυκύ,
1217 1542 1383 1621 Εὐριπίδη(
1477 1591 1479 1595 .

243 1643 303 1706 ait¹
329 1644 451 1727 opinor.
486 1643 558 1727 Ego
579 1642 889 1726 inpraesentiarum²
912 1643 958 1706 sie
973 1664 1024 1705 me
1038 1642 1151 1724 heheu,
1176 1646 1212 1705 ut
1234 1643 1284 1706 vel
1306 1643 1383 1706 hinc
1463 1659 1471 1674 ·

242 1745 412 1807 aestimatu
434 1745 529 1808 facile
558 1745 599 1807 sit
628 1745 697 1826 tibi,
729 1744 812 1827 quod
839 1744 919 1807 haec
947 1745 1113 1827 praecaria
1140 1767 1238 1807 manu
1266 1744 1380 1807 scribo.

242 1845 325 1910 Sane
347 1847 475 1929 quidem
497 1847 579 1929 quod
603 1846 642 1909 ad
664 1846 747 1909 vires
770 1846 904 1927 adtinet,
928 1844 1089 1929 incipiunt
1103 1846 1220 1909 redire:
1244 1845 1383 1928 pectoris

203 1955 205 1958 ⁴
241 1948 338 2011 etiam
360 1946 449 2010 dolor
463 1947 570 2010 nullus
586 1947 744 2030 residuus3
767 1946 858 2010 uleus
874 1949 980 2009 autem
995 1946 1073 2010 illud
1088 1948 1382 2012 alterutrumne

239 2053 295 2127 τῆ(
318 2049 476 2128 ἀρτηρίας.
506 2048 573 2112 Nos
596 2048 736 2111 remedia
758 2048 938 2132 experimur
961 2051 993 2111 et
1014 2048 1133 2131 nequid
1156 2069 1250 2131 opere
1272 2052 1382 2112 nostro

241 2149 378 2232 claudat,
403 2150 624 2234 advigilamus
648 2149 673 2234 ll
688 2149 800 2233 Neque
823 2149 910 2213 enim
931 2149 997 2212 ulla
1019 2149 1082 2212 alia
1108 2170 1143 2211 re
1165 2150 1382 2213 tolerabiliora
1481 2225 1484 2233 Ι

239 2251 391 2315 diuturna
412 2252 615 2315 incommoda
636 2251 706 2314 fieri
735 2252 850 2333 certic,
868 2273 976 2334 quam
999 2250 1196 2314 conscientia
1219 2272 1313 2314 curae
1336 2252 1380 2314 di-

238 2353 369 2436 ligentis
393 2356 424 2416 et
449 2346 681 2436 temperantiae
710 2353 841 2416 medicis
868 2353 1082 2436 obsequentis
1128 2352 1234 2435 Turpe
1261 2352 1379 2435 alioqui

238 2454 337 2517 fuerit
364 2455 482 2518 diutius
509 2455 623 2518 vitium
652 2455 790 2537 corporis
819 2476 915 2536 quam
942 2453 1041 2517 animi
1067 2453 1208 2541 studium
1235 2455 1274 2517 ad
1300 2454 1378 2517 reci-

238 2556 412 2638 perandam
440 2556 612 2619 sanitatem
644 2578 737 2639 posse
771 2556 896 2619 durare.
950 2554 1029 2618 Vale
1035 2605 1047 2638 ‚y
1081 2556 1125 2618 mi
1152 2555 1379 2620 iucundissime

237 2657 400 2742 magister.
446 2649 572 2723 Salutat
593 2660 625 2720 te
647 2660 751 2720 mater
771 2678 853 2720 mea.

611 2825 679 2892 IX.
716 2826 995 2891 nominantem.

321 2962 442 3047 Accepi
463 2963 587 3027 litteras
609 2965 682 3026 tuas
705 2961 943 3047 elegantissime
965 2962 1112 3046 scriptae,
1136 2962 1250 3046 quibus
1271 2965 1308 3026 tu
1329 2964 1377 3028 in-

235 3064 369 3127 tervallo
392 3065 582 3128 desiderium
609 3064 790 3128 litterarum
811 3087 955 3128 mearum
976 3065 1124 3128 obortum
1145 3064 1205 3127 tibi
1228 3086 1295 3127 esse
1319 3066 1374 3128 ais.

236 3165 296 3229 Est
323 3166 425 3249 igitur
452 3188 527 3229 vera
554 3165 679 3230 Socrati
712 3167 837 3249 opinio,
872 3166 1032 3229 doloribus
1063 3166 1164 3229 ferme
1197 3165 1377 3248 voluptates
1454 3214 1461 3224 .

237 3280 393 3330 conexas³
415 3288 498 3350 esse,
530 3290 602 3331 cum
626 3268 661 3330 in
685 3290 810 3332 carcere
834 3268 974 3331 dolorem
996 3268 1161 3331 constricti
1185 3267 1302 3330 vinculi
1324 3289 1376 3330 ro-

234 3367 359 3452 luptate
381 3369 512 3433 resoluti
536 3372 756 3452 conpensaret.
786 3368 869 3432 Item
882 3368 1026 3452 profecto
1047 3368 1083 3431 in
1104 3368 1197 3430 nohis
1219 3370 1376 3450 quantum

234 3470 397 3533 molestiae
421 3470 576 3553 absentia,
605 3474 733 3534 tantum
762 3471 915 3539 commodi
946 3470 1050 3532 adfert
1083 3468 1273 3531 desiderium
1298 3469 1375 3532 inri-

233 3574 347 3634 tatum.
392 3572 477 3635 Nam
508 3573 698 3636 desiderium
731 3594 768 3637 ex
806 3594 911 3635 amore
945 3574 1003 3634 est.
1048 3569 1154 3653 Igitur
1182 3590 1269 3649 amor
1303 3592 1375 3633 cum

233 3673 388 3736 desiderio
411 3677 523 3738 auctus
546 3678 604 3757 est,
635 3675 718 3757 quod
741 3674 808 3738 est6
835 3674 870 3737 in
891 3672 1033 3736 amicitia
1060 3672 1178 3735 multo⁷
1206 3672 1372 3754 optimum.

233 3774 315 3836 Turn
338 3775 421 3858 quod
443 3776 569 3859 quaeris
598 3776 637 3838 de
658 3776 842 3839 valetudine
864 3798 945 3856 mea,
975 3773 1040 3837 iam
1066 3774 1155 3857 prius
1183 3773 1373 3856 scripseram

233 3875 303 3957 ubi,
332 3898 383 3940 me
405 3877 525 3940 umeri⁸
554 3877 660 3941 dolore
688 3879 838 3940 vexatum
865 3876 912 3939 ita
939 3877 1144 3939 vehementer
1170 3875 1307 3958 quidem,
1337 3878 1374 3937 ut

253 4062 256 4080 ³
317 4061 334 4097 a
353 4048 384 4095 ln
403 4052 526 4114 mor-piae:
546 4045 654 4100 Socrati
672 4045 765 4114 opinio
783 4047 825 4098 est
844 4044 985 4098 doloribus
1002 4044 1160 4113 voluptates
1172 4062 1230 4098 esse
1244 4061 1370 4098 conexas.

317 4236 330 4282 1
351 4229 416 4283 Cod.
437 4232 586 4285 secundum
602 4231 720 4285 Maium:
744 4234 922 4298 ἐμβλέψεται,
942 4233 1003 4298 Εὐρ.
1021 4243 1048 4284 ut
1066 4252 1107 4299 ορ.
1145 4229 1272 4284 Correxit
1289 4230 1372 4284 Scho-

230 4332 326 4383 penus.
365 4315 403 4369 Cf.
423 4316 487 4368 Eur.
508 4316 564 4369 Ion.
586 4308 642 4371 732.
939 4320 941 4323 ’

316 4407 331 4452 ⁴2
349 4400 523 4454 Vocabulum
541 4400 691 4468 repetItum
708 4400 737 4453 in
754 4400 890 4468 margine.

314 4486 391 4539 3lta
407 4483 496 4539 Maius
515 4483 567 4537 sibi
584 4484 679 4551 legere
696 4484 771 4537 visus
790 4488 839 4537 est.
876 4486 1003 4538 Fortasse
1022 4486 1218 4551 ἀπεξήρανται.

313 4576 330 4622 4
347 4568 447 4638 Incipit
465 4568 535 4622 Cod-
550 4568 613 4621 Vat.
632 4585 660 4636 p.
675 4574 730 4621 183.

305 4662 330 4708 ,5
348 4655 379 4706 In
397 4652 491 4706 Indice
508 4652 577 4705 haec
596 4650 713 4719 epistola
732 4652 877 4706 omittitur.

313 4738 417 4790 cedd.
436 4754 488 4791 sec,
508 4755 543 4790 nr.

314 4829 328 4874 l
347 4821 413 4875 Ood.
431 4840 473 4889 pr.
493 4840 529 4873 m.
548 4828 632 4877 natura.

313 4910 328 4958 8
345 4905 434 4959 Maius
451 4906 530 4959 iubet
548 4906 665 4965 conferri
682 4904 825 4977 Eutychen
844 4925 887 4975 ap.
908 4907 1017 4961 Putsch.
1037 4925 1064 4975 p.
1079 4912 1153 4963 2312.

704 5169 709 5183 l

653 5213 656 5218 .
724 5189 737 5218 ⁸
