3300 6050
267 853 331 916 226
609 851 645 905 M
671 850 840 905 CORNELII
862 851 1069 906 FRONTONIS

267 1021 433 1104 deligitur3
455 1021 585 1085 ubertas
601 1022 660 1085 soli
682 1023 747 1085 otio
769 1025 933 1105 paratura.
972 1022 1054 1096 Quid
1076 1023 1213 1087 maiores
1229 1025 1337 1105 vestri,
1354 1026 1410 1106 qui

266 1146 366 1206 remp.
391 1126 423 1186 et
444 1124 613 1207 imperium
628 1124 810 1188 Romanum
824 1126 1117 1209 magnis'auctibus
1132 1126 1312 1190 auxerunt?
1334 1126 1410 1189 Pro-

267 1248 343 1290 avus
377 1227 502 1290 vesterb
535 1248 676 1290 summus
703 1228 840 1292 bellator
867 1231 975 1291 tamen
1010 1228 1219 1291 histrionibus
1247 1228 1409 1291 interdum

267 1351 335 1393 sese
357 1329 528 1392 delectavit
550 1331 582 1392 ct
603 1332 770 1413 praeterea
791 1330 917 1414 potavit
940 1330 1018 1394 satis
1041 1334 1186 1412 strenue3
1208 1331 1319 1393 tamen
1341 1330 1409 1392 eius

266 1453 362 1514 opera
384 1430 519 1515 populus
541 1430 704 1495 Romanus
732 1433 768 1496 in
793 1431 965 1515 triumphis
992 1432 1130 1495 mulsum
1159 1432 1285 1513 saepius
1314 1431 1407 1495 bibit.

266 1538 370 1598 Avom
398 1534 475 1597 item
502 1536 644 1597 vestrum
673 1532 831 1622 [duum]¹‚
861 1535 990 1597 doctum
1022 1534 1202 1616 principem
1230 1537 1262 1596 et
1291 1555 1408 1597 navom

201 1643 202 1646 ’
265 1636 317 1699 et²
339 1635 425 1699 orbis
445 1640 604 1699 terrarum
626 1657 692 1699 non
715 1635 846 1719 regendi
876 1638 1005 1699 tantum
1033 1637 1087 1698 sed
1116 1636 1213 1699 ctiam
1241 1636 1409 1717 perambu-

265 1738 354 1801 landi
377 1737 580 1821 diligentem,
610 1735 808 1801 modulorum
837 1740 946 1801 tamen
976 1741 1009 1801 et
1030 1737 1200 1800 tibicinum
1229 1738 1334 1800 studio
1356 1738 1408 1799 dc-

265 1839 409 1903 vinctum
434 1838 534 1902 fuisse
565 1839 697 1921 scimus,
733 1843 765 1902 et
798 1841 965 1926 praeterea
996 1838 1204 1922 prandiorum
1231 1839 1408 1921 opimomm

266 1963 387 2005 esorcm
409 1942 565 2025 optimum
586 1941 695 2005 fuisse.

348 2043 418 2107 Iam
433 2064 507 2106 vero
529 2045 621 2126 pater
642 2046 748 2106 vester
770 2043 897 2106 divinus
918 2042 973 2105 ille
991 2043 1040 2106 vir
1061 2043 1293 2126 providentia³,
1317 2043 1406 2126 pudi-

265 2146 356 2229 citia,
391 2144 596 2230 frugalitate,
630 2144 833 2228 innocentia,
867 2147 1003 2228 pietate,
1044 2145 1272 2228 sanctimonia,
1302 2145 1407 2208 omnis

264 2248 425 2312 omnium⁴
454 2247 637 2330 principum
665 2243 801 2310 virtutes
829 2269 1069 2332 supergressus,
1105 2250 1214 2310 tamen
1242 2252 1275 2310 et
1300 2247 1407 2331 palae-

264 2354 364 2414 stram
386 2350 550 2433 ingrcssus
573 2349 622 2411 est
644 2351 677 2410 et
698 2346 848 2412 hamum5
870 2349 1024 2412 instruxit
1046 2352 1078 2412 ct
1100 2371 1226 2412 scurras
1248 2349 1347 2411 risit0.

348 2449 439 2515 Nihil
466 2449 504 2512 dc
527 2449 605 2515 Oaio
628 2447 763 2513 Caesare
792 2449 863 2512 dico
891 2452 1045 2513 acerrimo
1068 2450 1256 2534 Cleopatrae
1281 2450 1405 2532 hostel,

263 2553 345 2617 nihil
367 2553 406 2615 de
429 2551 577 2636 Augusto
605 2550 713 2614 Liviae
741 2551 819 2615 viro.
866 2550 1038 2615 Romulum
1065 2553 1171 2635 ipsum
1197 2552 1285 2616 urbis
1311 2551 1407 2614 huius

265 2653 490 2735 conditorem⁶‚
521 2674 593 2715 cunr
621 2652 762 2716 hostium
787 2654 900 2717 ducem
927 2642 1026 2718 lnranu
1056 2655 1231 2718 comminus
1260 2657 1408 2717 conserta

263 2755 469 2821 obtruncavit
496 2775 630 2837 cumque
651 2755 753 2837 spolia
781 2756 920 2841 opimat⁷
949 2756 1092 2820 Feretrio
1122 2757 1245 2839 vexiffi,
1274 2755 1405 2819 huncne

262 2859 353 2922 tenui
380 2857 468 2920 victu
493 2877 586 2919 usum
612 2856 731 2941 putas?
758 2857 908 2920 Profecto
934 2879 1052 2941 neque·
1068 2859 1210 2921 esuriens
1238 2859 1407 2940 quisquam

263 2981 366 3044 neque
388 2957 563 3023 abstemius
592 2959 734 3023 animum
755 2959 934 3025 induxisset
955 2959 1098 3045 virgines
1121 2959 1246 3023 adultas
1274 2960 1312 3022 de
1335 2981 1406 3043 spe-

264 3062 397 3126 ctaculis
419 3082 541 3144 rapere.
566 3059 671 3135 Ouid?
699 3060 805 3125 Numa
828 3084 926 3126 senex
948 3062 1168 3126 sanctissimus
1189 3084 1298 3125 noune
1319 3062 1407 3125 inter

262 3165 329 3228 liba
351 3166 384 3227 ct
405 3162 543 3227 decimas
570 3164 789 3247 profanandas
812 3168 845 3227 et
872 3166 1097 3228 suovetaurilia
1124 3164 1296 3228 mactanda
1319 3166 1406 3227 aeta-

262 3268 327 3330 tem
349 3267 427 3351 egit,
450 3258 635 3349 epulorum⁹
658 3266 805 3348 dictator,
834 3288 985 3329 cenarum
1006 3267 1135 3349 libator‚
1159 3266 1312 3330 feriamm
1333 3287 1406 3347 pro-

262 3367 451 3453 mulgator?
474 3366 660 3432 Saturatum
683 3370 716 3431 et
729 3366 881 3431 feriatum
902 3367 981 3430 dic0.
1008 3366 1173 3454 [Nunquid
1188 3366 1235 3451 tu]
1260 3366 1406 3430 esurialis

347 3488 364 3525 a
382 3475 416 3524 In
433 3475 557 3538 morpine:
576 3469 688 3535 Hortus,
706 3486 732 3537 q.
747 3485 769 3522 c.
783 3486 819 3537 p,
838 3468 947 3537 indiget
958 3469 1088 3523 stercoris
1106 3486 1172 3537 ope3
1190 3469 1317 3536 frugibus
1336 3485 1406 3536 ager

262 3556 406 3625 requietus
425 3553 549 3622 digitum
567 3554 681 3609 ubertas
700 3570 720 3607 s.
741 3569 766 3607 o.
784 3555 909 3622 paratur.

346 3640 364 3693 b
383 3643 417 3692 In
434 3644 559 3707 margine:
583 3638 726 3692 Traianus.

282 3767 283 3770 ,
347 3730 414 3779 cIn
430 3729 555 3791 morpine:
574 3722 710 3776 Traianus
727 3722 908 3777 histrionibus
926 3722 1079 3777 delectatus
1097 3724 1126 3776 et
1142 3722 1214 3776 vino.
1244 3722 1405 3777 Hadrianus

261 3811 436 3864 modulorum
454 3811 484 3863 et
500 3807 645 3861 tibicinum
663 3805 755 3861 studio
768 3807 912 3861 devinctus
929 3807 990 3861 fuit.
1014 3806 1171 3861 Antoninus
1184 3809 1213 3861 et
1232 3808 1405 3876 palaestram

261 3895 403 3965 ingressus
422 3894 465 3947 est
483 3898 511 3947 et
528 3892 670 3946 theatrum
687 3891 817 3945 instruxit
835 3893 864 3946 et
880 3909 989 3946 scurras
1007 3892 1075 3945 risit.

346 3980 365 4031 d
382 3983 416 4031 In
433 3982 558 4045 nrarpine:
578 3976 662 4031 Gaius
680 3976 781 4031 Caesar
798 3976 886 4030 hostis
903 3977 1077 4045 Cleopatrae,
1095 3979 1160 4045 post
1176 3977 1315 4031 moechus.

348 4089 361 4134 1
379 4081 468 4134 Locus
492 4079 583 4133 exstat
605 4079 680 4148 apud
703 4078 858 4132 Charisium
878 4078 927 4132 lib.
948 4085 961 4132 1
986 4097 1012 4147 p.
1034 4084 1082 4132 127
1099 4079 1184 4147 Keil,
1212 4080 1261 4133 sed
1286 4078 1403 4133 mirifice

263 4167 415 4234 corruptus.
450 4163 495 4217 Ab
514 4180 546 4218 eo
564 4164 654 4219 Maius
671 4163 768 4217 sumsit
786 4170 871 4230 duum,
895 4164 967 4231 quod
992 4162 1166 4218 Heindorfius
1190 4166 1284 4218 censet
1307 4164 1335 4217 in
1354 4164 1405 4219 Oo-

263 4251 323 4305 dice
341 4251 416 4304 rectc
429 4248 532 4302 abesse.
557 4248 598 4303 Do
612 4250 701 4303 forma
719 4255 792 4303 duum
809 4248 864 4302 vid.
879 4248 1023 4303 Bucheler.
1043 4248 1077 4302 de
1090 4249 1225 4302 Declinat.
1243 4249 1304 4302 Lat.
1317 4268 1345 4318 p.
1359 4255 1403 4302 43.

345 4341 361 4390 2
381 4332 481 4388 Omisit
496 4333 585 4387 Maius
603 4343 636 4388 et.
1001 4354 1004 4359 ’

346 4420 423 4475 3Ita
441 4418 542 4473 Ooderr.
577 4418 680 4471 Maius:
697 4423 844 4486 prudentia.

346 4511 363 4558 4
381 4504 480 4558 Omisit
496 4503 585 4557 Maius
603 4500 715 4557 omnium.

345 4596 361 4644 ὁ
380 4588 420 4644 Cf.
438 4590 527 4657 Marg.
564 4587 635 4642 Vide
652 4592 747 4643 tamen
766 4587 913 4659 Capitolin.
932 4588 961 4642 in
978 4588 1028 4642 Pio
1048 4608 1070 4643 c.
1091 4597 1130 4644 11.

346 4681 361 4729 6
380 4673 446 4728 Ood.
465 4692 507 4743 pr.
526 4690 563 4727 m.
581 4679 759 4729 coadiutorem.

347 4764 361 4811 7
379 4758 480 4828 Incipit
498 4757 563 4812 Ood.
586 4776 614 4827 p.
633 4764 692 4812 225.

345 4848 361 4896 8
378 4847 451 4895 Fixit
470 4842 566 4896 Orellii
584 4845 628 4897 est
645 4842 772 4913 suspicio.

347 4932 362 4979 9
379 4926 547 4981 Niebuhrius
565 4928 681 4996 corrigit
698 4934 838 4997 epulonum.
