3300 6050
254 827 318 891 264
381 824 417 877 M.
432 822 601 877 CORNELII
619 822 825 876 PRONTONIS
844 823 1069 877 FRAGMENTA
1085 822 1269 878 MISCELLA.

339 995 455 1059 Itidem
478 993 633 1078 legendae
649 993 821 1056 Frontonis
845 994 1077 1077 disputationes
1100 996 1185 1079 apud
1203 995 1341 1060 Gellium
1365 997 1402 1060 in

256 1097 413 1163 Noctibus
436 1097 572 1160 Atticis:

339 1198 382 1262 II.
406 1198 463 1261 26:
487 1197 534 1261 De
550 1197 722 1281 generibus
746 1199 887 1262 colorum
902 1199 1126 1284 vocabulisque
1142 1221 1250 1264 corum
1266 1200 1402 1265 Graecis

256 1305 288 1366 et
309 1301 450 1382 Latinis3
831 1285 836 1297 ¹

341 1403 431 1469 XIII.
455 1404 511 1466 28:
535 1402 624 1477 Quod
646 1403 876 1487 Quadrigarius
898 1424 964 1466 com
987 1411 1084 1467 mullis
1105 1412 1281 1470 mortalibus
1303 1406 1401 1488 dixit3

248 1506 331 1589 quid
354 1509 387 1569 et
409 1508 565 1589 quantum
588 1505 738 1583 differret,
761 1506 788 1568 si
811 1505 943 1568 dixisset
964 1528 1029 1570 cum
1052 1513 1152 1570 multis
1172 1512 1357 1580 homicidum

340 1605 429 1670 XIX.
454 1608 488 1670 8:
522 1607 575 1670 An
598 1612 730 1683 harena,
761 1613 894 1683 coelum,
919 1614 1052 1671 triticum
1074 1608 1211 1691 pluralia
1232 1610 1402 1674 invenian-

256 1708 334 1772 tur‘?
377 1707 460 1772 Item
482 1714 667 1787 partirique,
697 1715 874 1772 inimicitiae
900 1709 1119 1793 nonnullaque
1147 1714 1313 1793 praetcrea
1336 1711 1403 1774 alia

259 1810 415 1873 vocabula
432 1832 473 1873 an
489 1810 647 1894 singulari
662 1831 794 1873 nurnero
811 1810 1073 1893 comperiantur?
1087 1851 1129 1858 —
1144 1811 1207 1875 Ubi
1223 1814 1403 1876 notandum

259 1915 311 1975 est
332 1911 437 1994 ipsum
459 1910 654 1975 Frontonem
682 1919 816 1976 barenas
848 1911 964 1975 dixisse
993 1912 1026 1975 in
1055 1913 1199 1977 oratione
1226 1936 1321 1996 quam
1349 1915 1403 1978 de-

258 2013 371 2077 scribit
392 2014 437 2077 M.
462 2013 579 2078 ansar
600 2014 637 2077 in
659 2013 720 2097 Ep.
744 2012 769 2076 I.
794 2013 830 2096 63

343 2114 431 2180 XIX.
458 2117 512 2180 10:
549 2115 658 2180 Verba
677 2127 965 2195 praeterpropter,
996 2117 1030 2178 in
1058 2139 1117 2178 usu
1146 2117 1234 2200 vulgi
1261 2117 1402 2199 promta,

260 2218 358 2281 etiam
380 2217 480 2281 Ennii
501 2218 616 2300 fuisse3

342 2318 431 2382 XIX.
458 2321 513 2383 13:
550 2318 635 2393 Quos
663 2319 854 2402 pumiliones
876 2319 1026 2401 dicimus,
1057 2341 1172 2403 graece
1200 2321 1320 2385 vdvcuc
1349 2343 1407 2403 ap·

258 2420 382 2503 pellari.
