3300 6050
292 853 352 917 140
499 852 535 905 Μ.
550 851 720 907 CORNELII
736 851 944 908 FRONTONIS
962 805 1218 909 EPISTULARUM

288 1022 323 1084 in
352 1022 436 1085 bello
463 1022 518 1086 ubi
540 1044 619 1106 opus
642 1023 684 1086 sit
706 1023 868 1106 legionem
890 1024 1105 1107 conscribere,
1134 1047 1200 1089 non
1229 1028 1357 1089 tantum
1378 990 1430 1090 vo-

288 1123 445 1187 luntarios
467 1124 613 1208 legimus
639 1125 693 1188 sed
716 1125 814 1188 etiam
836 1125 968 1188 latentis
989 1126 1121 1190 militari
1145 1130 1249 1190 aetate
1273 1128 1430 1210 conquiri-

288 1246 374 1308 mus3
402 1225 464 1307 ita,
494 1225 549 1288 ubi
571 1226 740 1289 verborum
768 1226 935 1309 praesidiis
958 1248 1037 1309 opus
1060 1228 1116 1310 sit,
1147 1250 1212 1291 non
1240 1229 1430 1291 voluntariis
1520 1224 1523 1231 ’

259 1372 264 1383 .
287 1328 426 1408 tantum,
450 1347 530 1410 quae
545 1327 629 1390 ultro
646 1327 851 1411 obvenerint,
875 1330 1017 1410 utemur,
1041 1329 1097 1392 sed
1112 1329 1248 1394 latentia
1267 1329 1428 1394 elieiemus

288 1429 383 1510 atque
406 1423 446 1491 all
467 1428 705 1511 imperandum¹
729 1429 984 1513 indagabimus³.

373 1528 436 1593 Hie
458 1529 551 1612 illud,
582 1531 680 1593 etiam
701 1533 738 1593 ut
760 1552 820 1614 ego
850 1531 1003 1614 arbitror,
1033 1532 1112 1596 soite
1135 1534 1269 1596 anobis
1292 1554 1428 1597 eonven-

288 1630 392 1713 tum2,
428 1630 541 1713 quibus
568 1632 746 1696 rationibus
773 1631 872 1695 verba
899 1636 1109 1717 quaerantur,
1144 1637 1180 1697 ut
1207 1656 1274 1697 non
1301 1633 1429 1697 hiantes

204 1798 206 1802 ,
288 1732 525 1815 oscitantesque
553 1735 785 1816 exspectemus,
816 1734 943 1817 quando
966 1735 1098 1798 verbum
1120 1734 1205 1798 ultro
1227 1735 1262 1798 in
1283 1735 1429 1819 linguam

288 1834 378 1916 quasi
400 1833 576 1916 palladium
598 1834 636 1898 de
660 1834 746 1898 eaelo
769 1835 933 1918 depluat³3
956 1836 1011 1899 sed
1033 1838 1068 1898 ut
1090 1836 1238 1920 regiones
1260 1836 1429 1900 verborum

288 1937 321 1998 et
343 1928 443 1999 saltus
465 1936 656 2018 noverimus,
680 1938 717 1998 ut
739 1935 793 1998 ubi
816 1937 968 2019 quaesitis
991 1959 1069 2020 opus
1093 1938 1165 2020 sitl,
1188 1938 1352 2020 perviam
1374 1960 1428 2021 po-

286 2035 351 2099 tius
373 2036 413 2099 ad
435 2037 669 2120 vestigandum,
694 2059 789 2122 quam
810 2037 898 2101 invio
919 2038 1194 2122 progrediamurb.

373 2135 468 2202 Serta
495 2137 596 2221 igitur
623 2138 693 2222 loca
721 2141 797 2202 sunt
825 2162 844 2202 a
870 2139 980 2203 vobis⁵
1005 2189 1309 2204 ..........
1336 2140 1362 2224 ll

290 2289 296 2301 .
323 2289 329 2301 .
357 2289 362 2301 .
390 2289 395 2301 .
425 2239 598 2322 inprimis
621 2240 739 2304 oratori
763 2241 954 2323 cavendum,
984 2241 1131 2324 nequod
1158 2263 1276 2305 novum
1297 2243 1429 2305 verbum

288 2343 324 2403 ut
352 2362 405 2403 aes
433 2341 648 2405 adulterinum
675 2342 850 2424 percutiat,
879 2344 917 2405 ut
938 2365 1037 2405 unum
1061 2347 1092 2406 et
1113 2343 1163 2406 id⁷
1188 2343 1319 2407 verbum
1340 2346 1428 2407 vetu-

287 2444 371 2505 state
398 2446 551 2507 nosoatur
573 2446 605 2507 et
626 2444 770 2507 novitate
793 2444 929 2508 delectet
953 2493 1425 2508 ...............

289 2593 296 2607 .
323 2593 329 2606 .
357 2593 364 2606 .
389 2593 397 2608 .
423 2555 429 2607 “.
457 2595 462 2607 .
490 2595 496 2607 .
523 2595 529 2608 .
556 2544 595 2630 (⁸.
622 2596 628 2609 .
655 2595 661 2607 .
691 2543 869 2608 officiorum
897 2567 1017 2629 genera
1045 2545 1122 2628 duo,
1151 2545 1292 2609 rationes
1310 2546 1428 2628 triper-

287 2617 376 2709 titae.
421 2645 530 2709 Prima
553 2648 674 2729 species
697 2646 906 2730 substantiae,
930 2650 967 2710 ut
989 2647 1046 2730 sit,
1070 2647 1171 2711 altera
1193 2647 1369 2732 qualitatis,
1393 2649 1429 2710 ut
1484 2698 1490 2704 .
1552 2625 1556 2637 ’

287 2746 362 2810 talis
385 2747 442 2829 sit,
464 2747 570 2837 tertia
583 2748 644 2830 rei,
668 2750 705 2811 ut
726 2770 760 2811 re
782 2749 882 2831 ipsal,
908 2749 996 2811 ouius
1020 2770 1115 2812 eausa
1137 2749 1300 2831 superiora
1322 2749 1429 2811 officia

288 2849 437 2932 suscepit,
462 2849 589 2932 expleat
606 2870 613 2912 .’
633 2899 639 2912 .
660 2899 665 2911 .
686 2900 692 2912 .
710 2849 931 2934 disl¹⁰eendae
954 2851 1211 2935 exereendaeque
1234 2851 1428 2933 sapientiae:

372 3071 388 3108 a
406 3058 439 3106 In
457 3058 584 3121 arrarpine:
601 3052 643 3106 De
660 3052 764 3121 populo
782 3057 932 3106 verborum
950 3053 1021 3106 sieut
1038 3052 1067 3104 in
1083 3051 1158 3105 bello
1176 3052 1225 3105 ubi
1243 3069 1312 3121 opus
1331 3055 1375 3105 est
1391 3053 1428 3107 le-

287 3138 398 3208 gionem
421 3137 542 3192 seribere
564 3152 618 3189 non
637 3167 704 3176 --
720 3138 841 3191 latentes
863 3137 904 3191 ita
926 3137 1012 3191 etiam
1033 3136 1061 3189 in
1080 3136 1172 3191 verbis
1190 3152 1246 3190 non
1264 3136 1358 3203 obvia,
1380 3138 1429 3190 sod

288 3224 373 3277 etiam
393 3221 511 3276 latentia
529 3221 664 3276 elicienda
682 3222 746 3274 sunt
764 3223 792 3275 et
808 3221 978 3290 indaganda.

371 3308 442 3360 bIn
464 3313 590 3375 marpine:
623 3306 686 3359 Non
709 3306 912 3375 expectandum
932 3306 1049 3359 verbum
1073 3305 1148 3372 quod
1170 3306 1243 3358 ultro
1266 3305 1296 3356 in
1318 3305 1336 3358 l.
1356 3324 1382 3373 q.
1401 3323 1428 3373 p.

287 3391 398 3457 defluat,
417 3391 467 3445 sed
484 3390 613 3460 regiones
632 3390 772 3458 saltusque
791 3391 940 3445 verborum
958 3405 1085 3459 quaerere
1104 3390 1224 3457 oportet,
1241 3390 1342 3442 utnon
1353 3388 1427 3443 invio

287 3475 337 3529 sed
355 3480 450 3530 itinere
469 3492 641 3542 quaeramus.

288 3584 473 3591 --,-...-..

373 3635 386 3682 1
406 3629 519 3683 Confert
535 3627 625 3682 Maius
644 3618 699 3681 cie.
716 3628 753 3681 ad
770 3627 847 3681 Fam.
866 3627 912 3680 IX.
929 3632 961 3680 28
980 3629 1009 3680 et
1027 3626 1160 3680 Sallustii:
1180 3630 1305 3694 lupar-tta
1322 3646 1376 3678 eum
1393 3632 1430 3679 ad

289 3720 460 3781 imperandum
481 3717 602 3766 Tisidium
619 3723 762 3766 vocaretur.

372 3806 387 3852 2
405 3800 450 3853 An
467 3802 677 3852 commentandum
694 3797 739 3849 vel
752 3800 1000 3851 oonzruiniscendum?
1026 3800 1198 3861 Heindorfius.
1224 3794 1268 3847 An
1286 3800 1428 3847 inuentum?

372 3891 388 3939 3
407 3883 472 3937 Cod.
490 3899 532 3951 pr.
552 3900 588 3935 m.
608 3887 704 3943 orituri,
723 3881 749 3933 h.
770 3897 792 3934 e.
813 3886 919 3947 dipluut.

372 3973 389 4020 4
406 3966 510 4021 Codex:
528 3972 562 4019 sit
579 3978 614 4020 ut.

371 4057 388 4106 5
404 4052 547 4106 Fortasse:
567 4071 583 4103 a
601 4054 673 4104 nobis
689 4055 860 4117 exploranda.
896 4054 1069 4115 Heindorfius.

372 4143 387 4190 6
407 4133 638 4204 SequiturCodp.
646 4140 695 4188 403
706 4150 793 4195 erasa,
804 4132 880 4187 euius
887 4132 968 4187 unioa
977 4131 1247 4200 sententiasuperest
1258 4130 1426 4201 inmargine.

374 4227 388 4274 7
405 4221 495 4275 Maius
514 4218 636 4272 ooniioit:
655 4224 728 4272 idem.
764 4216 948 4270 llolrsteinius:
968 4228 994 4269 ut
1012 4237 1062 4269 unu
1079 4222 1108 4269 id
1123 4220 1223 4269 verbum
1240 4227 1266 4269 et
1283 4228 1330 4269 vet.

372 4311 388 4360 8
406 4304 536 4373 Sequitur
554 4304 620 4358 (lod.
633 4322 661 4373 p.
674 4308 738 4369 402,
755 4302 785 4355 iu
803 4318 858 4368 qua
875 4302 943 4355 nihil
959 4302 1079 4371 apparet
1094 4302 1207 4370 praeter
1218 4317 1303 4354 unam
1321 4301 1428 4353 senten-

287 4389 358 4444 tiam
374 4391 403 4443 in
420 4388 554 4457 margine.

374 4479 389 4526 9
406 4472 436 4526 L.
455 4493 508 4525 rem
525 4478 613 4540 ipsam.
649 4475 809 4526 Niebulrius.

358 4564 389 4613 10
407 4556 537 4624 Sequitur
549 4556 718 4625 Ood.p.401,
730 4555 805 4609 ouius
817 4556 875 4609 tres
886 4570 982 4609 versus
994 4552 1233 4608 eontulitamious.
1251 4551 1428 4606 Heindorfius

289 4642 337 4709 qui
348 4640 491 4695 nesciebat
503 4641 645 4710 superiora
658 4657 672 4694 e
684 4640 810 4708 margine
830 4638 970 4707 descripta
982 4655 1042 4692 esse
1059 4637 1100 4691 ita
1111 4638 1203 4691 looum
1222 4636 1377 4690 constituit:
1396 4639 1428 4690 ut

287 4747 340 4780 rem
357 4732 438 4793 ipsam
455 4756 488 4763 -
506 4726 630 4794 expleat,
648 4731 677 4779 id
694 4736 731 4779 est
749 4745 836 4778 munus
854 4724 1048 4777 discendae-
1067 4721 1187 4790 speciem
1205 4721 1246 4775 rei
1264 4726 1365 4775 dicebat
1382 4739 1428 4775 ne‘

288 4808 372 4879 gotiis
390 4816 466 4863 solum
483 4808 662 4864 terminatam
679 4840 712 4848 -
729 4825 827 4861 verum
844 4813 951 4863 docebat
968 4838 1001 4845 -
1014 4806 1125 4861 retineo
1137 4812 1204 4859 velut
1220 4804 1311 4871 prima
1322 4836 1355 4844 -
1373 4806 1428 4859 sint

290 4900 411 4948 elemento
430 4911 500 4962 quae
518 4925 551 4933 —
568 4894 711 4964 pertinent
727 4913 829 4947 errrore.
