3300 6050
222 840 287 904 230
567 839 604 891 Μ.
624 834 794 891 CORNELII
812 837 1019 892 raonrorus

222 1009 353 1073 fremitu
376 1009 530 1091 equestri,
561 1010 616 1072 sed
636 1007 761 1093 placide
783 1011 817 1072 et
839 1008 1013 1073 elementer
1035 1009 1144 1093 pinnis
1166 1011 1310 1075 teneris¹
1336 1011 1375 1075 in

222 1098 351 1174 modum
373 1110 621 1193 hirunt²diuum
649 1110 808 1193 advolare,
839 1110 925 1174 111113
947 1113 984 1174 ut
1006 1111 1171 1177 columbae
1193 1112 1254 1176 alis
1276 1113 1374 1196 plau·

223 1212 326 1275 deret

276 1328 279 1334 ’
307 1314 360 1377 Ad
375 1314 446 1397 hoc,
471 1336 532 1397 quo
547 1314 715 1378 iucundior
731 1314 914 1378 hominibus
930 1314 1066 1379 Somnus
1082 1319 1176 1399 esset,
1200 1316 1304 1380 donat
1318 1319 1374 1382 et⁵

222 1416 325 1479 multa
347 1416 471 1506 somnia
487 1438 631 1500 amoena,
655 1419 692 1480 ut
714 1439 775 1500 quo
796 1417 901 1482 studio
923 1416 1056 1500 quisque
1080 1417 1247 1481 devinctus
1270 1422 1371 1502 esset,

223 1520 260 1581 ut
282 1517 472 1581 histrionem
494 1517 528 1581 in
557 1518 697 1582 somnis⁶
724 1519 832 1582 fautor
856 1520 1026 1601 spectaret,
1055 1522 1091 1581 ut
1117 1519 1287 1583 tibicinem
1316 1543 1373 1584 au-

223 1617 323 1701 diret,
352 1621 388 1682 ut
415 1619 545 1703 aurigae
568 1620 726 1703 agitanti⁷
749 1622 958 1703 monstraret,
987 1619 1105 1684 milites
1133 1620 1373 1686 1011111118νί11-

225 1722 345 1802 cerent,
361 1720 569 1803 imperatores
584 1722 706 1785 somnio
721 1721 969 1805 triumpharent,
983 1722 1227 1806 peregrinantes
1243 1724 1373 1787 somnio

225 1821 352 1885 domum
373 1823 524 1887 redirent.
548 1823 597 1887 Ea
614 1824 739 1887 somnia
760 1822 945 1908 plerumque
961 1824 1000 1887 ad
1020 1824 1145 1887 verum⁹
1162 1827 1371 1889 convertunt.

308 1925 422 2009 Igitur,
439 1927 560 2007 Marce,
584 1926 611 1988 si
633 1948 695 2008 quo
718 1925 778 1989 tibi
800 1926 925 1990 somnio
947 1925 1024 1990 hinc
1039 1948 1119 2010 opus
1134 1926 1227 2008 est¹⁰,
1252 1948 1373 1991 censeo

225 2028 328 2092 libens
357 2028 496 2092 dormias
524 2027 684 2111 tantisper
707 2026 782 2091 dum
804 2027 887 2110 quod
911 2027 1000 2110 cupis
1022 2027 1199 2111 quodque¹¹
1222 2031 1371 2111 exoptas,

223 2130 371 2215 vigilanti
396 2131 455 2194 tibi
478 2131 639 2215 optiugat.
715 2140 717 2143 ’

522 2300 584 2366 IV.
609 2299 781 2382 Magistro
803 2298 879 2365 1111
904 2295 1079 2365 Salutem.

308 2421 403 2484 Modo
425 2419 532 2503 recepi
555 2417 725 2503 epistulam
746 2422 846 2500 tuam,
870 2440 933 2501 qua
956 2418 1126 2481 confestim
1147 2419 1246 2482 fruar.
1271 2418 1375 2483 Nunc

224 2523 310 2587 enim
333 2522 548 2586 imminebant
570 2520 676 2585 officia
705 2521 950 2600 δυεπαραίτητα.
995 2519 1133 2583 Interim
1162 2519 1245 2603 quod
1276 2521 1373 2603 cupis

224 2625 268 2687 mi
283 2624 448 2708 magister,
472 2621 622 2705 breviter,
646 2624 682 2685 ut
697 2625 882 2706 occupatus,
906 2621 1071 2705 parvolam
1093 2621 1208 2685 nuntio
1224 2624 1374 2687 nostram

123 2782 128 2788 .
224 2725 337 2790 melius
360 2724 465 2788 valere
488 2728 520 2789 et
541 2725 629 2787 intra
651 2723 832 2788 cubiculum
854 2724 1041 2787 discurrere.

309 2825 448 2889 Dictatis
470 2825 520 2889 his
543 2825 608 2909 legi
629 2825 754 2890 litteras
777 2824 942 2889 Alsienses
964 2846 1034 2888 meo
1055 2828 1216 2907 tempore,
1239 2826 1283 2888 mi
1304 2848 1374 2889 ma-

226 2927 339 3011 gister,
364 2948 436 2989 cum
452 2926 506 2990 alii
516 2926 539 2965 ¹²
557 2928 720 3010 canerent,
745 2948 804 3011 ego
828 2928 976 2991 cubarem
998 2926 1088 2990 tenui
1111 2926 1181 2993 cibo
1197 2930 1375 2992 contentus

225 3029 304 3093 hora
332 3029 436 3092 noctis
459 3029 608 3094 secunda.
654 3029 809 3121 Multum,
839 3030 963 3113 inquis,
999 3029 1219 3093 cohortatione
1247 3031 1374 3095 mea¹3z

225 3131 371 3213 multum,
400 3130 444 3193 mi
472 3132 642 3215 magister3
676 3154 751 3195 nam
780 3131 885 3195 verbis
913 3131 978 3194 tuis
1006 3130 1151 3213 adquievi
1179 3131 1375 3215 saepiusque

225 3233 341 3318 legam,
365 3235 402 3296 ut
417 3233 544 3316 saepius
560 3233 773 3317 adquiescam.
806 3232 1210 3318 01111111111111111111111114
1233 3233 1375 3298 officii¹⁵

263 3390 432 3398 -..Q-.-

312 3460 325 3507 1
345 3451 478 3508 Orellius:
498 3459 582 3506 tentis.

310 3545 325 3592 2
343 3537 445 3607 Incipit
463 3536 529 3591 Cod.
548 3556 576 3606 p.
596 3544 654 3592 213.

313 3622 451 3677 3Codex:
470 3622 496 3675 N
516 3665 521 3676 .
542 3665 547 3676 .
567 3621 584 3675 i.
606 3639 628 3675 1,
648 3641 699 3676 non
717 3622 765 3675 aut
782 3640 837 3674 nec.

312 3714 329 3762 4
348 3707 453 3762 Codex:
472 3712 633 3774 plauderent,
652 3705 701 3759 sed
719 3705 814 3760 statim
833 3708 995 3760 correctum.

314 3799 329 3847 5
347 3793 441 3858 Recte,
460 3793 492 3845 ut
504 3791 610 3861 opinor,
624 3790 792 3845 Lachmann.
812 3791 849 3844 ad
861 3791 969 3845 Lucret.
989 3809 1016 3860 p.
1028 3797 1090 3845 264:
1109 3797 1188 3846 donat
1200 3791 1226 3845 ei
1242 3799 1322 3846 multa
1339 3825 1376 3834 —

227 3890 306 3940 esset,
334 3879 383 3932 aut
404 3882 551 3930 histrionem
572 3906 603 3916 -
625 3886 757 3945 spectaret
783 3877 833 3930 aut
855 3879 979 3930 tibicinem
997 3877 1097 3930 -aut
1118 3882 1224 3946 aurigae
1241 3875 1374 3946 agitandi

227 3974 340 4019 monstra
358 3967 442 4016 daret.

312 4053 327 4099 6
346 4046 390 4099 Ita
408 4045 507 4099 Codex.

313 4139 327 4185 7
347 4128 454 4183 Codex:
473 4134 595 4196 agitandi.

313 4221 328 4270 8
347 4212 452 4268 Codex:
470 4233 565 4268 somno.

312 4305 328 4353 9
346 4297 451 4352 Codex:
470 4303 608 4352 adversam.
646 4297 721 4353 Corr.
739 4297 837 4352 Maius.

297 4392 329 4440 10
347 4381 464 4438 Conficit
483 4382 612 4436 Orellius:
635 4389 729 4438 somnio
748 4389 832 4438 divino
851 4403 915 4452 opus
933 4395 979 4437 est.

297 4476 328 4523 11
348 4467 414 4523 Cod.
433 4484 486 4522 sec.
505 4486 556 4522 m.:
575 4488 682 4538 quaque,
709 4469 739 4522 at
756 4486 797 4538 pr.
818 4486 854 4521 m.
874 4487 996 4537 quodque.

297 4561 328 4608 12
348 4553 452 4608 Codex:
472 4558 537 4607 alite.

298 4647 329 4695 13
347 4637 491 4693 Intercidit
515 4627 622 4708 profeci
643 4638 688 4693 vel
713 4637 801 4692 simile
830 4636 904 4705 quid.
942 4642 1117 4705 Heindorfius.
1157 4636 1278 4706 Explicit
1304 4655 1376 4706 qna-

228 4726 319 4780 ternio
336 4725 391 4778 XL.

299 4814 330 4862 14
347 4806 448 4875 Incipit
466 4806 531 4862 Cod.
550 4826 577 4876 p.
598 4813 655 4860 149.

299 4898 330 4947 15
349 4890 414 4946 Cod.
434 4909 474 4960 pr.
494 4909 530 4944 m.
550 4897 675 4960 officique.
