3300 6050
580 884 627 936 DE
645 882 763 937 FERIIS
786 882 1025 936 ALSIENSIBUS.
1312 885 1375 950 227

233 1052 349 1117 ferias¹
375 1052 540 1116 celebras?
577 1054 645 1118 Nec
668 1053 904 1137 Chrysippum³
927 1057 1018 1116 tuum
1040 1053 1221 1135 praeteribo
1230 1055 1252 1135 ²,
1282 1075 1376 1137 quem

234 1155 374 1238 quotidie
397 1155 507 1219 serunt
528 1155 710 1220 madescere
733 1149 862 1219 solitum
870 1157 892 1219 ³.
935 1155 978 1218 Et
1006 1154 1157 1239 pleraque
1182 1205 1188 1219 .
1215 1154 1376 1220 ,481111-

234 1257 323 1321 temb
348 1308 354 1320 .
381 1258 410 1320 :⁵
432 1279 472 1321 cx
494 1258 727 1322 Socraticorum
756 1257 925 1340 sumposiis
954 1260 986 1320 et
1009 1256 1144 1341 dialogis
1174 1261 1207 1320 et
1229 1257 1375 1340 epistulis

235 1359 396 1422 existimes
418 1361 580 1422 hominem
602 1359 739 1422 multum
756 1361 873 1423 scitum
895 1362 927 1446 et
948 1359 1089 1421 facetum
1111 1359 1219 1423 luisse.
1266 1358 1376 1423 Socra-

234 1465 300 1523 tem
321 1461 490 1546 intelleges
512 1461 668 1544 Aspasiae
692 1460 892 1542 discipulum,
917 1459 1078 1523 Alcibiadi
1100 1462 1300 1544 magistrum.

318 1554 388 1625 lam
411 1564 436 1625 si
460 1563 578 1626 bellum
599 1563 734 1625 indixtei
756 1561 841 1640 lude,
863 1561 938 1644 otio,
963 1561 1115 1644 satietati,
1144 1563 1318 1644 voluptati,
1343 1565 1377 1624 at

234 1666 271 1727 tu
293 1664 394 1727 dormi
417 1665 530 1727 saltem
552 1667 709 1748 quantum
736 1663 837 1727 libero
863 1663 985 1726 homini
1009 1664 1087 1726 satis
1110 1665 1168 1726 est.
1214 1663 1376 1726 Intensius

235 1766 274 1828 ad
308 1788 489 1850 supremam
513 1817 520 1829 .
546 1816 553 1828 .
582 1768 616 1829 in
641 1817 648 1830 .
674 1817 681 1829 .
713 1767 752 1829 ad
784 1765 935 1828 luminis⁶
965 1816 972 1828 .
1003 1815 1010 1828 .
1043 1815 1050 1829 .
1109 1764 1163 1827 An
1190 1765 1321 1829 tandem
1349 1765 1376 1828 si

234 1869 343 1952 ignem
366 1868 404 1931 de
428 1868 516 1931 caelo
537 1888 632 1931 nemo
654 1868 879 1950 surrupuisset,
904 1867 951 1931 sol
974 1890 1039 1930 non
1062 1871 1147 1930 esset
1161 1866 1221 1931 tibi
1242 1868 1320 1930 satis
1336 1866 1376 1929 ad

233 1969 463 2034 iudicandum?
485 1969 553 2033 Ne⁷
570 1991 642 2033 cum
657 1971 766 2033 animo
788 1972 844 2031 tuo
867 1972 995 2051 reputes
1020 1968 1180 2032 cotidiano
1202 1972 1234 2032 te
1248 1969 1376 2031 menda-

235 2072 282 2134 cio
306 2072 476 2156 adstringi,
507 2092 579 2134 cum
606 2073 639 2134 te
669 2071 753 2134 diem
776 2069 954 2154 cognitioni
976 2071 1052 2133 dare
1075 2071 1122 2133 ais
1150 2073 1182 2132 et
1204 2073 1298 2133 nocte
1328 2092 1376 2133 co-

233 2174 424 2258 gnoscis⁰l⁸,
448 2174 625 2237 1111191111
649 2173 840 2236 condemnes
869 2171 935 2235 sive
963 2172 1110 2235 absolvas
1131 2172 1269 2235 mendax
1292 2172 1377 2234 sutu-

233 2297 297 2337 rus.
343 2274 377 2338 Si
399 2275 582 2359 quempiam
611 2254 836 2356 condemnas,x
854 2294 965 2352 porum
992 2281 1108 2338 cavisse
1137 2280 1256 2338 uidetur
1265 2274 1290 2314 ¹⁰
1317 2273 1374 2336 aia.

232 2376 320 2440 Istuc
343 2377 480 2460 quidem,
514 2378 539 2440 si
568 2377 717 2440 lucernae
745 2378 980 2458 removeantur,
1011 2375 1093 2439 nihil
1121 2376 1222 2439 videri
1245 2376 1374 2458 poterit.

316 2478 363 2542 At
383 2483 419 2542 tu
441 2479 572 2542 obsecro
593 2479 643 2542 vel
664 2479 733 2542 ioco
755 2477 806 2541 vel
828 2477 911 2541 serio
932 2481 965 2540 te
988 2477 1111 2541 exorari
1134 2500 1153 2540 a
1180 2499 1231 2541 me
1252 2481 1374 2560 patere,

233 2583 328 2644 nete
351 2603 462 2644 somno
485 2565 651 2645 defraudes
674 2581 783 2663 utique
805 2580 959 2643 terminos
987 2580 1049 2643 diei
1077 2583 1110 2642 et
1131 2580 1235 2643 noctis
1258 2601 1375 2644 serves.

317 2682 424 2766 Agere
452 2682 490 2745 de
513 2682 630 2746 finibus
659 2682 772 2746 duos¹¹
803 2681 905 2768 claros
933 2685 966 2745 et
993 2681 1116 2746 nobiles
1139 2681 1317 2764 Vesperum
1344 2685 1377 2744 et

233 2783 415 2847 Luciferum
437 2785 553 2867 putul:
576 2783 702 2867 utrique
719 2784 1024 2847 demonstrationem
1046 2783 1095 2846 sui
1111 2784 1280 2866 quisque¹²
1294 2782 1375 2846 limi-

232 2885 274 2947 tis
302 2886 492 2950 0stendunt:
526 2885 640 2948 horum
669 2887 848 2970 cognitioni
876 2886 1032 2949 interesse
1058 2884 1201 2969 postulat
1229 2885 1376 2968 Somnus,

233 3007 309 3049 nam
332 3008 365 3050 se
385 2986 552 3071 quisque¹³
573 2988 710 3052 adfinem
733 3010 802 3053 esse
824 2989 955 3073 negotio
977 2990 1010 3051 et
1031 2987 1157 3071 adtingi
1179 2987 1298 3051 iniuria
1320 2987 1375 3051 ait.

318 3122 335 3158 a
353 3109 386 3159 In
398 3111 525 3173 margine:
543 3104 584 3159 De
604 3104 766 3175 Chrysippo.

318 3189 336 3242 b
355 3193 389 3242 In
406 3195 533 3258 marpine:
550 3188 592 3243 De
611 3188 733 3243 Socrate.

319 3290 333 3327 o
353 3278 385 3327 In
401 3280 530 3343 morpine:
550 3316 743 3328 ........
764 3274 955 3328 cotidiano-
973 3273 1124 3343 cognoscis.

318 3358 336 3411 d
356 3364 388 3413 In
405 3365 532 3428 margine:
550 3359 592 3413 De
610 3358 734 3412 Lucifere
757 3361 805 3426 (ito
822 3361 897 3425 Cod.)
916 3361 945 3412 et
962 3358 997 3411 de
1014 3357 1137 3428 Vespere
1155 3360 1184 3412 11
1202 3358 1313 3413 Somne.

319 3485 332 3531 1
352 3478 393 3533 Cf.
412 3479 502 3532 Plaut.
522 3476 602 3546 Capt.
621 3477 670 3532 ΙΙΙ.
690 3485 713 3531 1.
732 3484 755 3532 8.
793 3482 890 3532 Maius.
925 3477 1076 3531 Praeterea
1097 3478 1167 3546 legit
1188 3467 1377 3532 Heindorfius:

233 3563 312 3617 Nunc
330 3564 397 3630 quid
416 3576 441 3617 tu
460 3565 511 3617 etc.

317 3654 332 3700 2
350 3648 394 3701 lta
413 3646 518 3714 Codex,
536 3664 592 3701 non
609 3659 755 3717 praetereo.

317 3740 332 3786 3
350 3732 390 3785 of.
409 3731 599 3786 testimonium
615 3733 731 3787 Laertis.
764 3736 860 3790 Maius.

316 3822 334 3869 4
351 3817 420 3872 Tres
437 3833 532 3871 versus
551 3817 668 3872 evanidi.
871 3818 876 3831 '

318 3906 333 3953 5
351 3900 455 3970 Supple
472 3902 528 3955 tria
546 3903 603 3956 fere
620 3902 714 3956 verba.
753 3907 847 3961 Maius,

317 3991 332 4038 6
350 3986 382 4038 In
399 3984 442 4037 his
460 3985 565 4038 lacunis
584 3985 687 4040 cubant
703 3988 760 4040 tres
773 3999 876 4041 versus.
901 3986 1076 4040 Ecksteinius
1094 3987 1246 4041 rectissime
1264 3988 1377 4056 supplet

232 4075 330 4123 luminis
348 4086 420 4136 oras,
439 4069 501 4123 coll.
520 4069 628 4124 Lucret.
647 4071 668 4123 l.
688 4077 720 4124 23
740 4073 768 4124 11
786 4071 868 4124 Ennii
884 4072 983 4125 Annal.
1004 4072 1024 4138 Ι,
1039 4078 1096 4126 118.
1116 4078 1173 4126 165.

317 4160 331 4208 7
350 4154 537 4207 Heindorfius:
558 4159 611 4207 Nec
628 4185 661 4193 —
678 4165 784 4223 reputas
802 4186 834 4195 -
851 4161 971 4224 futurus?

316 4244 332 4292 8
350 4238 451 4308 Incipit
469 4238 535 4292 eod.
555 4257 583 4309 p.
602 4246 660 4294 220.

316 4330 332 4377 9
351 4322 456 4378 Codex:
480 4335 551 4377 tunm
588 4323 676 4379 Maius
695 4325 802 4379 confert
819 4325 938 4381 Dionem
955 4326 1049 4383 LXXI.
1070 4333 1093 4381 6.

300 4415 332 4464 10
350 4409 509 4462 Formulam
526 4409 598 4463 hanc
615 4410 702 4463 habet
719 4410 818 4464 Festus
837 4428 946 4478 quoque
963 4428 1032 4466 voce
1049 4432 1149 4481 parum.
1179 4410 1273 4473 lnnuit
1290 4411 1376 4464 etiam

232 4494 364 4550 Horatius
382 4496 442 4548 Art.
461 4495 536 4564 poet.
557 4500 613 4548 353.
651 4500 738 4549 Maius
755 4496 905 4549 secundum
921 4496 1122 4550 Heindorfium.

301 4586 331 4634 11
349 4580 438 4633 Maius
461 4578 571 4633 coniicit
588 4584 658 4632 deos.
694 4578 812 4632 Orellius
832 4586 896 4634 duos
913 4586 982 4635 deon
1019 4580 1193 4634 Eclxsteinius
1210 4586 1281 4634 divos
1302 4586 1372 4635 duos.

232 4665 338 4719 Codex:
362 4671 393 4718 de
408 4668 500 4732 finitus
519 4703 710 4717 ........
730 4662 840 4727 CtUIS
859 4671 951 4719 claros.

300 4756 331 4803 12
350 4748 456 4802 Codicis
469 4747 551 4802 lectio
565 4763 621 4800 111
634 4747 702 4801 satis
717 4750 793 4801 certa
806 4749 861 4814 est;
879 4765 969 4816 neque
988 4749 1030 4803 est
1043 4755 1156 4819 quisque,
1172 4764 1263 4817 neque
1278 4769 1375 4819 quoque

231 4851 320 4903 neque
339 4854 452 4905 quoque:
474 4832 522 4887 alii
540 4832 663 4886 videant.

300 4924 330 4974 13
348 4919 383 4974 F:
402 4926 519 4990 quoique.
555 4922 715 4973 Niebuhrius.
752 4909 886 4973 Orellius:
904 4939 1011 4989 quoque.

1109 5005 1172 5070 15*
