3300 6050
280 878 358 923 m
715 854 998 909 Paonuoonmn.

366 1030 525 1092 Graecum
547 1050 636 1110 opus,
660 1027 744 1112 quod
767 1028 886 1092 Caesar
908 1027 1074 1108 significat
1095 1049 1129 1090 se
1144 1027 1253 1111 legere
1274 1029 1367 1111 velle,
1390 1030 1426 1091 iu

282 1132 390 1194 codice
417 1130 637 1193 Frontoniano
668 1132 718 1192 est
745 1128 888 1192 omnium
916 1133 1103 1211 extremum,
1131 1151 1247 1212 nempe
1276 1132 1426 1210 ὁὲρωτι-

281 1236 337 1299 roc
359 1234 466 1308 λόγος.
511 1231 662 1316 Pingitur
684 1232 841 1315 scriptum
870 1253 938 1294 esse
968 1232 1008 1294 ad
1026 1253 1173 1314 puerum,
1197 1253 1292 1315 quem
1313 1232 1426 1315 Lysias

281 1334 453 1417 alloquitur
483 1336 519 1397 in
545 1355 582 1396 ea
610 1333 762 1416 epistola,
790 1356 886 1417 quam
912 1333 1007 1396 Plato
1034 1332 1069 1395 in
1096 1332 1242 1396 Phaedro
1270 1335 1425 1417 exagitat.

280 1435 342 1498 Est
364 1435 497 1518 scriptio
524 1436 610 1498 inter
637 1457 757 1518 paucas
779 1435 917 1499 insidsa:
946 1433 991 1497 M.
1021 1433 1139 1499 Caesar
1166 1438 1276 1497 tamen
1304 1436 1339 1498 in
1362 1437 1426 1518 epi-

281 1537 375 1620 stola,
399 1559 481 1621 quae
503 1538 590 1600 inter
612 1536 752 1600 Graecas
779 1538 873 1601 nobis
901 1537 1038 1620 septima
1066 1541 1125 1620 est,
1154 1537 1299 1619 impense
1328 1538 1426 1600 admi-

281 1643 382 1702 ratur.
426 1638 497 1701 Iam
524 1661 582 1721 per
603 1639 681 1702 duos
703 1661 829 1703 menses
858 1662 877 1702 a
910 1639 1066 1723 magistro
1089 1639 1211 1721 aberat,
1243 1640 1336 1703 credo
1358 1640 1427 1703 vin-

282 1741 459 1803 demiarum
479 1746 634 1823 tempore,
663 1763 743 1825 quas
765 1741 853 1823 Pius,
882 1765 901 1803 a
931 1741 1019 1804 cuius
1040 1741 1141 1804 latere
1162 1763 1337 1824 numquam
1364 1742 1427 1805 dis·

192 1854 207 1861 ·
283 1843 427 1925 cedebat,
451 1843 593 1906 studiose
616 1843 776 1922 celebrare
798 1843 933 1906 solebat.

366 1944 440 2007 Iam
459 1945 738 2029 adpropinquabat
760 1948 905 2027 tempus,
929 1967 991 2028 quo
1007 1944 1137 2009 Caesari
1158 1945 1194 2008 in
1206 1948 1320 2008 senatu
1341 1947 1427 2029 patri

282 2047 408 2130 gratiae
431 2047 575 2130 agendae
597 2050 693 2110 erant
700 2075 714 2129 ,=
738 2048 792 2130 qui
815 2068 887 2110 eum
910 2047 1074 2110 consulem
1095 2046 1293 2130 designarat.
1330 2048 1428 2111 Hunc

282 2149 509 2233 magistratum
535 2149 637 2232 gessit
667 2150 723 2211 ΑΟ.
749 2148 825 2212 140:
860 2149 969 2231 itaque
997 2148 1133 2211 Romam
1161 2149 1276 2227 redux,
1305 2149 1427 2213 ultimis

286 2253 365 2314 anni
387 2252 509 2333 diebus,
539 2252 665 2333 accepit
687 2275 706 2313 a
728 2250 890 2314 Frontone
918 2251 1090 2332 litterulas
1120 2249 1161 2332 V,
1187 2253 1216 2333 1,
1245 2274 1286 2314 ne
1315 2256 1428 2315 noctes

282 2354 397 2417 studiis
420 2354 514 2416 daret
535 2352 591 2415 sed
612 2374 740 2435 sonmo,
772 2356 808 2414 ut
830 2352 908 2415 forti
933 2353 1036 2416 colore
1057 2353 1093 2416 in
1121 2357 1270 2416 senatum
1291 2355 1425 2417 veniret.

282 2455 440 2518 Perbreve
463 2459 513 2518 est
535 2454 681 2519 Caesaris
703 2476 894 2536 responsum
915 2453 956 2536 V,
979 2455 1011 2517 2.
1055 2453 1184 2518 Interea
1207 2454 1327 2518 Fronto
1356 2457 1428 2519 ado

282 2557 434 2620 lescentis
456 2558 635 2620 orationem
662 2556 793 2638 legebat
821 2559 854 2618 et
876 2555 1084 2619 emendabat:
1112 2556 1188 2619 hinc
1216 2578 1288 2618 eum
1318 2562 1430 2621 monet

283 2658 324 2740 V,
347 2660 378 2742 3,
402 2680 445 2721 ne
466 2681 617 2741 umquam
638 2661 749 2720 utatur
771 2656 926 2720 vocabulo
954 2663 1087 2722 dictione
1110 2680 1169 2740 pro
1192 2667 1339 2723 oratione.
1385 2660 1430 2723 Et

283 2783 395 2824 revera
416 2761 578 2823 observari
601 2762 709 2844 potest
730 2759 809 2821 illud
831 2758 956 2841 vitium,
986 2761 1013 2822 si
1035 2763 1145 2823 tamen
1168 2761 1283 2823 vitium
1305 2766 1364 2844 est,
1394 2762 1429 2824 in

284 2863 378 2945 epist.
411 2862 556 2926 Caesaris
582 2860 642 2942 ΙΙΙ,
671 2861 707 2941 2,
737 2883 833 2943 quam
866 2882 963 2944 supra
994 2863 1144 2924 tractavi.
1188 2862 1279 2936 Quod
1312 2862 1430 2927 Caesar

195 3023 210 3046 N
284 2964 451 3048 respondit
477 2963 518 3047 V,
541 2964 578 3042 4,
606 2963 674 3026 fere
701 2963 842 3027 interiit:
878 2985 944 3027 non
971 2962 1098 3027 videtur
1125 2963 1246 3027 Fronto
1273 2965 1429 3049 discipulo

284 3068 491 3149 persuasisse.

367 3168 421 3231 Illi
443 3191 528 3231 anno
552 3170 614 3232 140
635 3168 869 3251 assignaverim
884 3168 1054 3250 epistolam
1069 3168 1128 3249 HI,
1145 3169 1175 3249 9,
1198 3170 1234 3232 in
1253 3191 1316 3253 qua
1330 3169 1429 3233 FrOn-

283 3272 369 3333 tonis
391 3272 495 3334 natali
518 3271 568 3334 die
590 3269 765 3352 discipulus
787 3273 863 3332 vota
886 3270 1032 3352 suscipit,
1056 3291 1115 3352 pro
1137 3271 1252 3352 quibus
1273 3272 1430 3355 magister

283 3374 406 3457 gratias
436 3374 507 3457 agit
533 3373 598 3455 ΠΙ,
631 3373 680 3435 10.
727 3370 879 3454 Sequitur
910 3371 1084 3434 Frontonis
1117 3371 1253 3453 epistola
1281 3373 1340 3454 ΙΠ,
1378 3375 1428 3455 ll,

283 3498 364 3559 quae
387 3479 437 3538 est
459 3475 498 3537 de
521 3474 635 3537 studiis
659 3473 816 3536 Caesaris
858 3472 996 3536 Videtur
1017 3472 1071 3535 hic
1092 3473 1234 3535 nondum
1256 3474 1430 3557 profecisse

283 3581 421 3659 tantum,
441 3580 597 3660 quantum
612 3575 768 3657 magister
783 3577 984 3656 speraverat3
1008 3575 1220 3658 commendat,
1243 3580 1280 3638 ut
1294 3576 1430 3639 eandem

284 3679 481 3742 sententiam
503 3678 553 3739 bis
582 3680 615 3740 et
635 3680 686 3739 ter
709 3679 887 3738 convertat.
930 3674 970 3737 In
999 3674 1163 3758 Sallustio,
1192 3699 1286 3760 quem
1308 3677 1430 3741 Fronto

283 3782 378 3843 unice
401 3780 594 3860 admiratur,
623 3781 699 3840 simt
726 3777 871 3860 perfecta
900 3778 1046 3859 exempla
1073 3800 1155 3860 quae
1183 3784 1344 3862 sequatur.
1389 3780 1430 3843 In

285 3883 379 3965 epist.
403 3881 462 3962 ΠΙ,
490 3880 528 3942 12
551 3882 670 3944 Caesar
692 3879 866 3961 respondet
890 3901 962 3941 oum
985 3880 1025 3941 ad
1046 3879 1141 3962 hanc,
1165 3883 1235 3943 tum
1257 3882 1298 3944 ad
1320 3880 1427 3963 aliam,

284 4006 365 4068 quae
386 3983 552 4046 intercidit
574 3982 630 4044 sed
651 3981 747 4065 paulo
768 3983 857 4064 prins
873 3982 995 4063 scripta
1008 3981 1088 4063 fuit,
1111 3982 1281 4063 profitetur
1295 4005 1329 4045 se
1349 3983 1430 4046 illud

283 4086 441 4169 imprimis
463 4084 572 4168 magni
598 4084 782 4165 aestimare,
811 4084 896 4166 quod
917 4083 1038 4146 Fronto
1061 4105 1094 4146 se
1117 4083 1229 4147 doceat
1251 4107 1362 4148 verum
1384 4086 1430 4148 di-

286 4211 364 4253 cere.
411 4186 498 4251 Satis
521 4186 671 4249 convenit
692 4185 855 4267 iudicium,
879 4184 963 4267 quod
987 4183 1167 4266 Imperator
1193 4187 1304 4250 multis
1332 4187 1427 4250 annis

284 4295 358 4374 post
379 4290 418 4352 de
433 4288 595 4351 Frontone
617 4287 702 4370 tulit,
726 4288 781 4351 sed
803 4309 901 4370 quum
923 4286 1058 4368 videam,
1082 4309 1176 4370 quam
1200 4288 1295 4351 anxie
1310 4289 1431 4353 Fronto

287 4395 388 4474 curet,
411 4412 454 4453 ne
476 4390 552 4474 quid
574 4390 672 4471 dicat,
701 4390 785 4473 quod
807 4389 933 4473 regium
954 4411 1089 4471 puerum
1110 4389 1235 4452 laedere
1262 4391 1374 4473 possit,
1402 4392 1431 4454 si

284 4494 346 4558 hoo
368 4496 418 4556 est
438 4512 549 4555 verum
570 4490 686 4573 dicere,
710 4513 781 4554 meo
802 4491 871 4553 iure
888 4490 1021 4554 conficio
1044 4492 1079 4553 in
1100 4491 1174 4553 aula
1189 4491 1431 4556 Antoninorum

284 4595 502 4659 foedissimam
523 4594 664 4678 viguisse
687 4593 914 4656 adulationem.

369 4698 414 4760 M.
444 4698 563 4762 Caesar
591 4718 663 4759 cum
689 4699 782 4778 patre
806 4695 842 4757 in
869 4695 946 4758 villa
973 4696 1102 4777 aberat,
1139 4717 1211 4757 cum
1238 4696 1431 4780 magistrum

284 4800 441 4883 fatigaret
473 4798 617 4882 epistolis
649 4798 721 4880 plus
754 4819 850 4880 quam
883 4797 1100 4880 quotidianiS,
1138 4818 1218 4879 quae
1250 4797 1428 4879 perierunt.

286 4900 407 4964 Fronto
428 4900 551 4983 prolixe
574 4900 697 4984 gratias
720 4899 791 4982 agit
812 4899 847 4961 in
870 4898 964 4981 epist.
987 4898 1054 4981 ΙΠ,
1080 4898 1129 4961 13.
1164 4896 1255 4972 Quod
1282 4897 1328 4961 M.
1353 4899 1431 4963 Cae
