3300 6050
468 843 1185 945 Aonmmmmnmmmmmmnn
1357 868 1396 937 w

258 1048 288 1097 17
306 1041 390 1095 Modo
408 1043 477 1095 mihi
495 1043 600 1097 Gratia.

258 1132 289 1180 18
307 1128 422 1180 Possum
439 1127 507 1180 satis
524 1144 576 1196 pro
595 1144 624 1180 re
642 1127 704 1180 ista.

258 1219 289 1265 19
308 1211 420 1266 Caietae
439 1211 557 1265 substiti.

256 1303 289 1350 20
307 1296 446 1369 Quantam
463 1297 494 1349 tu
511 1296 586 1349 mihi.

256 1388 286 1434 21
306 1382 456 1449 Postquam
474 1380 601 1449 profecti.

255 1472 287 1518 22
305 1465 389 1518 Ludis
406 1467 438 1519 tu
457 1465 576 1533 quidem.

255 1556 287 1603 23
305 1549 365 1617 Ego
384 1550 442 1603 dies
458 1551 527 1604 istos
543 1549 621 1602 tales.
640 1584 642 1589 -

153 1694 158 1706 ‚
255 1639 288 1686 24
306 1632 395 1697 Quom
412 1635 442 1687 46
460 1635 565 1687 salvom
584 1640 619 1686 et.

255 1724 287 1771 25
304 1716 388 1772 Modo
406 1718 475 1770 mihi
491 1718 657 1772 Victorinus,

255 1807 287 1855 26
309 1801 399 1855 Caluit
418 1803 446 1855 64
463 1803 546 1856 hodie
564 1803 704 1856 Faustina.

255 1893 286 1939 27
306 1885 450 1950 Quomodo
468 1887 609 1941 manseris.

255 1976 287 2024 28
305 1971 423 2025 Noctem
441 1972 499 2026 sine
517 1972 597 2026 febri.

254 2063 286 2110 29
305 2054 448 2110 Cervicum
464 2057 590 2110 Domine.

254 2149 287 2196 30
306 2141 449 2195 Cervicum
467 2141 585 2195 dolores.

254 2233 284 2279 31
305 2225 387 2278 Cum¹
406 2225 459 2279 tibi
476 2225 568 2280 etiam:

254 2317 286 2364 32
304 2310 437 2363 Dolores²
455 2310 574 2378 quidem.

187 2427 191 2436 ·
254 2401 286 2448 33
306 2394 474 2449 Gravissimo
488 2394 596 2448 dolore.

254 2478 430 2532 3411646666
448 2480 477 2532 46
494 2479 617 2546 inguina.

174 2553 179 2557 ⁴
253 2569 286 2617 35
303 2563 381 2616 Patri
398 2564 446 2617 tuo
464 2564 510 2617 fac
526 2566 631 2617 notum.

254 2653 286 2700 36
305 2646 405 2700 Statim
423 2648 462 2700 mi
479 2649 621 2717 magister.

253 2739 284 2785 37
303 2732 363 2799 Ego
380 2733 558 2800 prodormiii.

253 2822 286 2869 38
304 2814 419 2880 Quando
437 2817 467 2869 id
484 2818 596 2871 factum.
698 2819 701 2823 ’

252 2907 285 2954 39
302 2899 463 2954 Vindemias
480 2902 577 2955 166466.
613 2892 614 2895 “

251 2991 284 3039 40
302 2985 334 3038 In
350 2985 438 3039 hortis
456 2986 617 3041 vindemias.

252 3076 283 3122 41
302 3069 362 3139 Ego
382 3071 452 3124 adeo
470 3072 626 3140 perscripsi.

250 3160 284 3207 42
303 3155 422 3207 Tardius
440 3155 493 3209 tibi
511 3156 629 3210 domine.

251 3246 284 3293 43
302 3240 367 3293 Dies
384 3240 452 3292 mihi
469 3241 545 3293 totus
562 3258 672 3295 vacuus.

251 3330 284 3377 44
301 3324 436 3379 Perendie
455 3324 581 3379 Domine.

251 3415 284 3462 45
302 3411 412 3461 Annum
429 3412 554 3463 novom⁴.

839 1048 872 1096 46
890 1043 926 1096 Ε4
942 1042 1001 1111 ipse
1019 1059 1152 1111 prospere
1170 1041 1213 1094 sis.

838 1133 871 1181 47
889 1127 926 1180 Ε4
942 1145 1014 1180 nunc
1032 1145 1114 1181 sanus
1132 1128 1167 1180 et.

839 1217 873 1264 48
891 1209 1102 1279 Quaecumque⁵
1120 1211 1196 1263 mihi.
1219 1212 1240 1280 Ιὓ

840 1301 873 1348 49
892 1294 1007 1348 Saenius
1024 1295 1217 1364 Pompeianus,

841 1385 873 1433 50
892 1379 1077 1448 Pompeianus
1094 1378 1208 1432 meritis.

840 1471 873 1518 61
890 1463 920 1516 Si
937 1468 965 1517 46
982 1464 1012 1516 in
1029 1463 1180 1532 provincia.

839 1555 871 1602 52
888 1549 1021 1602 Arideus⁷
1038 1548 1090 1602 iste
1108 1548 1156 1615 qui
1173 1547 1233 1600 tibi.

838 1639 871 1688 53
888 1634 988 1687 Utrum
1005 1634 1073 1686 facti
1090 1633 1200 1685 virtus⁸.

838 1724 871 1772 54
888 1718 1025 1772 Reversus
1044 1735 1061 1771 a
1079 1716 1212 1770 convivio.

838 1808 870 1856 55
889 1801 1007 1856 Cholera
1024 1818 1109 1870 usque
1128 1817 1169 1854 eo.

837 1893 870 1939 56
887 1887 955 1939 Post
972 1888 1083 1955 tempus
1099 1887 1133 1939 46
1145 1886 1248 1940 videre.

838 1978 870 2026 57
888 1971 1025 2025 Plurimos
1044 1971 1160 2024 natales.

742 2068 747 2074 ’
839 2064 871 2110 58
890 2055 986 2110 Salvos
1005 2057 1065 2109 6646
1083 2055 1171 2108 nobis.

839 2149 871 2195 59
888 2141 972 2194 Pueri
989 2141 1055 2194 dum
1074 2156 1088 2193 e
1106 2140 1220 2193 balneis.

838 2231 871 2281 69
888 2225 998 2278 Auxisti
1016 2242 1095 2278 curas
1113 2223 1189 2276 mihi.

807 2378 809 2382 Ι
837 2317 868 2363 61
887 2312 950 2378 Ipsa
968 2309 1012 2363 die
1031 2325 1087 2377 qua
1103 2308 1246 2376 proficisci.
1286 2348 1288 2353 .

836 2401 869 2448 62
887 2395 967 2448 Nunc
985 2395 1104 2462 denique
1123 2394 1197 2461 opto

836 2486 868 2534 63
886 2479 1002 2532 Plantae
1018 2477 1144 2532 Domine.

836 2571 870 2618 64
888 2563 978 2628 Quom
996 2564 1116 2617 salubri⁹
1134 2562 1188 2616 tibi
1205 2565 1255 2616 664.

774 2649 775 2652 ’
836 2655 869 2702 65
885 2649 946 2717 Ego
965 2648 1136 2717 gravissime.

836 2739 868 2788 66
888 2733 957 2786 Cum
974 2734 1044 2787 haec
1061 2733 1167 2787 scribas
1184 2732 1259 2786 mihi.
1329 2745 1333 2752 ·

836 2824 867 2872 67
886 2818 990 2872 Decem
1006 2819 1086 2872 tauta
1104 2820 1132 2871 46
1151 2834 1222 2871 amo.

836 2908 868 2955 68
886 2903 922 2956 Et
939 2918 990 2956 nos
1008 2902 1142 2957 Gratiam.

836 2992 868 3041 69
887 2987 997 3041 Tertius
1015 2993 1058 3042 664
1075 2987 1133 3042 dies
1151 2987 1235 3056 quod.

754 3071 757 3078 '
836 3079 868 3127 70
886 3073 930 3125 Τ6
947 3090 1058 3141 quoque
1075 3073 1221 3142 intellegis.

836 3163 867 3211 71
885 3157 990 3211 Fauces
1007 3157 1128 3211 miseras.

836 3247 868 3295 72
886 3242 945 3294 Iam
953 3244 973 3277 ¹⁰
990 3243 1081 3295 habeo
1100 3242 1183 3310 quod.
1275 3280 1277 3282 >

836 3332 868 3379 73
886 3325 1008 3380 Vexatus
1026 3344 1086 3379 sum
1103 3326 1229 3379 Domine.

836 3417 869 3465 74
887 3411 982 3478 Egone
999 3412 1031 3463 ut
1048 3411 1182 3464 studeam.

465 3615 535 3699 (Μ.
558 3618 830 3702 CORNELII
858 3616 1177 3701 FRONTONIS

276 3770 612 3877 EPISTULARUM
637 3772 702 3845 AD
729 3774 777 3845 M.
802 3771 1054 3845 CAESAREM
1079 3772 1140 3843 ΕΤ
1165 3770 1366 3845 INVICEM
1412 3769 1415 3774 ’

664 3920 979 4007 rionava)

624 4091 656 4155 Ι.
682 4092 713 4156 1.
745 4090 898 4156 Domino
920 4091 1007 4155 Meo.

336 4222 370 4288 Si
391 4224 561 4309 quicquam
575 4246 634 4289 nos
650 4249 748 4309 amas
773 4228 926 4291 dormei12
948 4249 1006 4312 per
1021 4226 1101 4292 istas
1115 4230 1237 4310 nocteS,
1261 4230 1298 4291 ut
1312 4227 1389 4291 forti

249 4326 355 4406 colore
377 4326 411 4388 in
434 4330 581 4390 senatum
602 4329 712 4392 venias
736 4332 768 4391 et
790 4328 972 4392 vehementi
993 4328 1094 4393 latere
1116 4330 1215 4413 legas

336 4502 348 4547 l
368 4496 443 4548 Infra
460 4494 488 4547 in
506 4493 601 4549 ordine
620 4516 699 4565 quom.

891 4505 907 4550 2
926 4495 1030 4551 Codex:
1049 4504 1167 4552 dolorem.

335 4580 434 4635 3C0d.
454 4586 513 4631 tum
531 4579 576 4633 hic
593 4582 653 4632 tum
670 4580 700 4633 in
717 4582 814 4636 ordine
832 4612 866 4621 —
883 4582 960 4636 toln·
991 4619 993 4624 ,
1046 4584 1281 4636 41nfra2nooum.

335 4672 350 4719 ὁ
368 4664 472 4718 Codex:
492 4668 527 4716 Et
546 4684 720 4734 qrraeeomque.

335 4756 349 4802 7
367 4750 454 4801 Infra:
475 4752 604 4802 Aridelum

334 4839 349 4886 9
367 4834 453 4885 Infra:
471 4838 580 4887 salubre.

318 4922 348 4969 11
368 4916 475 4969 Titulus
494 4917 571 4971 deest
588 4918 617 4969 in
636 4916 743 4971 Codice.

889 4673 904 4719 6
922 4667 1023 4736 Incipit
1040 4667 1108 4722 Cod.
1126 4666 1189 4721 Vat.
1208 4685 1235 4736 p.
1252 4672 1307 4720 127.

888 4757 904 4804 8
923 4750 1028 4804 Codex:
1045 4757 1110 4819 facit
1127 4758 1218 4807 64666,

872 4841 903 4889 10
921 4834 1025 4889 Codex:
1044 4848 1100 4890 tam.
1172 4908 1174 4910 ‚

871 4925 902 4973 12
921 4918 987 4973 Cod.
1007 4937 1060 4974 666.
1079 4938 1116 4973 m.
1136 4926 1224 4976 dorna.
