3300 6050
310 882 371 945 190
520 879 556 932 M.
571 879 740 933 CORNELII
756 879 964 933 PRONTONIS
982 880 1237 935 EPISTULARUM

523 1135 592 1220 (M.
616 1140 888 1223 OORNEEII
915 1141 1233 1223 PRONTONIS

566 1310 902 1384 EPISTULARUM
928 1312 993 1383 AD
1020 1311 1191 1384 Amicos

729 1459 918 1525 ursus
954 1461 1017 1546 rr.)

628 1630 659 1694 l.
703 1629 892 1695 Volumnio
917 1630 1127 1717 Quadrato'.

391 1765 554 1831 Secretum
584 1766 715 1829 servabo
743 1766 790 1829 ita
817 1769 855 1829 ut
875 1767 938 1830 vis:
976 1766 1082 1850 legam
1111 1766 1249 1829 libenter
1276 1768 1383 1851 itaque
1411 1771 1450 1831 ut

307 1869 391 1932 soleo
420 1869 592 1952 corrigam,
627 1871 783 1952 quantum
816 1891 947 1950 manue,
982 1891 1063 1952 quae
1090 1868 1326 1931 infirmissimae
1359 1873 1447 1951 sunt,

306 1971 443 2034 tolerare
465 1973 627 2054 poterimt.
673 1970 723 2032 Ex
745 1973 819 2033 voto
842 1971 1020 2033 studiorum
1043 1970 1184 2033 cultum²
1205 1972 1330 2052 tenet03
1354 1974 1396 2052 et,
1421 1972 1449 2033 si

307 2072 383 2155 quid
404 2073 497 2135 vacui
519 2072 672 2155 temporis
695 2071 797 2154 detur,
822 2056 998 2136 exercendo
1020 2072 1152 2156 ingenio
1174 2093 1339 2154 occupare.

614 2241 667 2306 II.
711 2241 900 2306 Volumnio
927 2241 1137 2328 Quadratoss.

391 2377 585 2442 Castriciusa
608 2381 734 2441 noster⁴
757 2377 900 2440 libellum
921 2380 1013 2440 tuum
1035 2377 1114 2440 mihi
1137 2377 1225 2440 heri⁵
1248 2377 1386 2440 reddidit
1409 2377 1449 2441 de

307 2479 423 2542 balneo
446 2479 623 2563 egredienti
632 2480 654 2561 θ,
678 2482 714 2542 ut
729 2501 823 2542 mane
840 2478 879 2541 ud
901 2501 952 2542 me
974 2479 1099 2542 veniret
1122 2479 1161 2541 ad
1183 2466 1375 2562 rescriptum
1398 2502 1449 2543 ac-

308 2581 498 2665 cipiendum.
545 2581 607 2644 Per
628 2583 756 2644 noctem
777 2582 823 2644 ita
846 2584 979 2643 vexatus
1002 2603 1072 2642 sum
1094 2581 1174 2643 tussi
1198 2584 1229 2644 et
1250 2581 1387 2665 vigilum
1412 2585 1450 2644 ut

306 2684 487 2747 necessario
509 2684 544 2746 in
566 2683 713 2767 quintam
735 2683 847 2745 horam
869 2682 1061 2746 dormierim.
1107 2683 1158 2746 Ita
1181 2682 1371 2747 Castricium
1393 2705 1450 2746 no-

308 2786 426 2848 strum⁷
451 2785 583 2848 detinui.
616 2784 842 2849 Ciceronianus
866 2783 1049 2847 emendatos
1073 2787 1106 2846 et
1121 2784 1329 2868 disl⁸tinotos
1352 2784 1450 2848 habe·

307 2888 372 2970 bis3
407 2887 574 2950 adnotatos
603 2910 621 2950 a
650 2909 700 2949 me
728 2886 816 2970 leges
843 2887 928 2970 ipse3
962 2887 996 2948 in
1024 2885 1137 2969 volgus
1166 2885 1252 2948 enim
1281 2908 1333 2950 eos
1362 2887 1450 2950 exire

307 3011 405 3073 quare
427 2989 537 3073 nolim,
561 2989 721 3053 scribaml
744 2988 941 3073 diligentius.

392 3210 409 3247 a
428 3196 460 3270 Iu
478 3200 601 3263 marpiue:
620 3193 757 3262 Repetite.

393 3337 405 3383 1
424 3330 543 3383 Additur
568 3330 597 3382 in
624 3329 751 3398 margine
774 3334 845 3397 Repe
865 3372 870 3382 .
891 3372 896 3381 .
916 3327 933 3380 i.
954 3346 968 3382 e
987 3333 1114 3397 impetita.
1151 3328 1258 3398 Nempe
1275 3329 1347 3383 hanc
1364 3330 1450 3384 fixisse
1498 3309 1506 3320 ,

307 3415 430 3484 suspicor
448 3414 603 3484 epistulam,
623 3413 699 3467 cuius
716 3412 808 3483 prima
825 3414 912 3466 verba
930 3413 1063 3481 distingui
1080 3414 1221 3480 nequeunt
1237 3414 1266 3466 in
1282 3414 1373 3468 indice
1385 3414 1450 3483 Epi-

307 3500 441 3553 stularum
460 3500 496 3553 ad
514 3499 601 3552 Pium.
621 3530 654 3536 -
672 3498 745 3551 Num
763 3498 807 3550 est
823 3496 870 3550 ifle
887 3497 993 3551 iuvenis
1012 3497 1181 3565 Quadratus,
1200 3499 1244 3551 cui
1260 3498 1369 3552 Marcus
1385 3517 1450 3568 par-

308 3586 366 3639 tem
384 3587 575 3638 maternorum
592 3584 730 3637 bonorum
742 3583 794 3637 sibi
807 3582 1001 3637 obvenientem
1012 3582 1146 3635 tradidit?
1170 3583 1317 3651 Capitolin.
1330 3583 1360 3636 in
1371 3584 1408 3638 M.
1423 3592 1447 3638 7.

298 3670 359 3722 *Hie
378 3669 429 3723 etsi
448 3669 522 3738 apud
536 3668 722 3737 Capitolinum
740 3668 842 3721 dicitur
851 3672 990 3734 Mummius,
1010 3667 1038 3719 in
1051 3666 1218 3735 quibusdam
1235 3669 1331 3721 tamen
1349 3669 1449 3722 codici-

307 3755 359 3807 bus
379 3755 421 3806 est
440 3758 581 3813 Memmius,
601 3753 674 3805 unde
691 3752 758 3806 licet
780 3754 897 3806 fortasse
917 3753 1076 3821 exsculpere
1099 3757 1251 3806 Volumnius.
1287 3758 1448 3807 Niehuirius.

306 3838 389 3906 Apud
408 3837 595 3907 Capitolinum
612 3837 747 3891 Iordanus
766 3837 855 3891 edidit
874 3841 1019 3905 Humidum,
1037 3837 1121 3890 Peter
1139 3842 1277 3891 Mummius.

392 3922 482 3975 iser.
502 3942 607 3975 cursum.
645 3927 818 3990 Heiudcrfius.

392 4014 407 4060 3
426 4006 516 4075 Supra
533 4006 589 4060 iam
608 4007 664 4059 dixi
681 4007 772 4076 repeti
788 4007 834 4060 hic
851 4009 908 4061 tres
926 4006 1069 4076 epistulas,
1088 4023 1160 4076 quae
1178 4008 1320 4061 exstarent
1338 4022 1449 4076 quoque

307 4091 336 4143 in
353 4091 426 4145 foliis
444 4091 480 4144 ad
498 4091 589 4157 Pium,
607 4109 633 4161 p.
654 4099 715 4158 340,
734 4098 796 4159 339,
815 4098 873 4146 338.
908 4091 1019 4145 Addam
1036 4092 1127 4146 varias
1144 4092 1277 4145 lectiones
1295 4092 1449 4159 quaemihi

308 4174 411 4229 obtulit
428 4194 455 4244 p.
474 4182 532 4242 340,
550 4193 615 4229 nam
634 4177 705 4230 duae
723 4176 846 4244 reliquae
864 4178 978 4245 praeter
990 4177 1100 4230 unicam
1112 4175 1323 4230 adnotationem
1336 4176 1365 4229 in
1377 4194 1450 4230 mar-

308 4260 372 4328 gine
394 4276 506 4329 prorsus
530 4260 708 4317 oblitteratae
735 4262 805 4314 sunt.
846 4260 1035 4328 Epistularum
1060 4261 1135 4314 tituli
1161 4261 1190 4313 in
1216 4260 1289 4314 foliis
1307 4258 1348 4313 ‘ad
1369 4260 1449 4313 Pium

309 4343 471 4413 simpliciter
489 4346 565 4398 sunt:
585 4349 726 4410 Quadrato.

392 4437 408 4484 4
426 4430 506 4484 Titus
525 4430 673 4486 Castricius
684 4430 781 4484 rhetor
798 4429 852 4483 suit
870 4430 920 4483 sub
932 4431 1084 4484 Hadriano.
1113 4430 1182 4484 Gell.
1203 4430 1223 4483 Ι.
1243 4436 1270 4496 6;
1289 4431 1322 4483 ΙΙ.
1337 4436 1383 4496 2⁷3
1401 4431 1447 4483 XI.

310 4520 354 4581 133
372 4516 444 4570 XIII.
464 4523 505 4570 21.
543 4521 637 4574 Maius.

392 4609 407 4657 ὅ
426 4601 565 4655 Omissum
582 4619 609 4671 p.
629 4607 687 4656 292.

392 4693 408 4740 6
426 4687 495 4741 Tres
511 4687 623 4741 litterae
641 4684 773 4740 excidisse
791 4685 921 4739 videntur
938 4702 964 4754 p.
985 4692 1042 4740 292.

392 4778 408 4824 7
427 4770 564 4824 Omissum
581 4790 608 4840 p.
628 4778 686 4826 292.

392 4862 408 4909 8
427 4855 557 4924 Sequitur
574 4874 602 4925 p.
622 4861 679 4909 291.

393 4947 408 4994 9
427 4939 493 4993 eod.
511 4958 538 5008 p.
558 4946 619 4995 340:
638 4944 774 4993 scriberem
791 4946 828 4993 ud
844 4951 876 4997 te.
