3300 6050
301 869 363 933 236
638 866 674 919 Μ.
696 865 866 921 CORNELII
883 866 1090 921 FRONTONIS

300 1077 360 1138 que
382 1074 432 1116 me
460 1074 574 1136 porum
601 1055 713 1138 gratus
743 1054 902 1137 quispiam
928 1057 1073 1137 repertus
1101 1054 1282 1139 segniorem
1316 1056 1442 1122 effecit¹

301 1157 340 1220 ad
369 1154 525 1219 beneficia
549 1176 765 1238 quaecumque
792 1177 918 1239 possem
946 1159 1093 1239 prompte
1120 1157 1332 1240 inpertienda.
1377 1157 1443 1222 Ne·
1537 1201 1539 1203 .

300 1279 359 1341 que
389 1278 449 1341 ego
476 1278 621 1340 unquam
644 1257 783 1341 ingratis
811 1256 962 1320 offensior
990 1257 1081 1341 t²fui.
1128 1256 1190 1321 Sed
1217 1258 1329 1322 mihi.
1356 1309 1362 1321 .
1387 1260 1444 1323 ob·
1536 1305 1540 1311 -

300 1362 425 1423 aeratos
451 1359 486 1422 in
513 1380 548 1422 re
572 1408 579 1422 .
606 1408 612 1420 .
644 1380 716 1421 oum
746 1408 753 1421 .
779 1407 786 1421 .
816 1358 928 1441 putavi
958 1407 965 1421 .
991 1408 998 1421 .
1044 1357 1201 1441 Cuperem
1228 1360 1406 1442 equidem.
1435 1411 1442 1424 .

298 1461 392 1525 male.
422 1459 566 1525 Finem.
592 1509 599 1522 .
624 1462 718 1524 teneo
741 1509 749 1522 .
775 1509 782 1522 .
806 1459 889 1522 male
913 1508 920 1523 .
947 1509 954 1522 .
979 1482 1074 1543 quam
1099 1509 1106 1523 .
1132 1509 1139 1523 .
1164 1459 1198 1524 si
1221 1460 1310 1524 vobis
1334 1483 1444 1526 carere
1482 1481 1485 1486 ·

302 1612 308 1626 .
335 1613 342 1626 .
366 1584 497 1646 operam
513 1611 521 1625 .
540 1611 559 1644 .‚
577 1560 686 1625 Sentio
712 1612 719 1626 .
744 1610 751 1624 .
775 1583 826 1624 me
848 1561 1022 1644 proderes.
1049 1611 1056 1625 .
1081 1583 1177 1644 quem
1195 1611 1202 1624 .
1221 1611 1228 1624 .
1246 1562 1311 1626 leto
1334 1563 1444 1627 oolens

168 1639 172 1646 ι
216 1667 219 1672 ’
301 1667 333 1728 et
361 1666 448 1728 statu
474 1663 626 1748 mentist³
651 1713 658 1726 .
684 1712 691 1726 .
718 1712 725 1726 .
749 1662 874 1725 doleam
901 1712 907 1726 .
933 1712 940 1726 .
966 1662 1051 1726 aliud
1076 1713 1082 1726 .
1108 1712 1115 1726 .
1139 1667 1267 1746 reperto
1291 1713 1298 1727 .
1324 1713 1332 1728 .
1356 1665 1444 1747 apud

302 1815 309 1828 .
336 1816 342 1828 .
366 1766 408 1829 tis
433 1815 440 1828 .
466 1815 473 1828 .
503 1787 581 1829 sona
608 1764 762 1828 mundum
792 1813 799 1827 .
825 1814 832 1828 .
863 1764 966 1828 solver
990 1814 997 1828 .
1023 1814 1030 1827 .
1056 1765 1201 1828 veritatis
1228 1768 1339 1828 nostra
1370 1788 1444 1829 oum

300 1867 323 1930 ii
346 1889 379 1931 se
400 1867 546 1951 indigere
568 1867 696 1932 solacio.
741 1865 815 1930 Di.
841 1915 848 1928 .
872 1865 973 1929 filiam
996 1915 1003 1929 .
1029 1916 1037 1930 .
1061 1888 1216 1950 generum
1241 1916 1247 1929 .
1275 1916 1282 1931 .
1306 1888 1374 1930 mes
1399 1916 1407 1931 .
1435 1917 1442 1930 .

299 1969 391 2032 domo
416 2019 422 2032 .
449 2018 456 2031 .
479 1953 529 2032 tis
559 2018 565 2032 .
592 2017 598 2034 .
623 1989 711 2031 nuno
738 1968 807 2031 de.
834 2017 841 2030 .
866 1988 999 2050 quorum
1023 2017 1030 2030 .
1056 2017 1063 2030 .
1087 1968 1275 2031 vastItatem
1299 2017 1443 2031 .....

303 2117 1302 2134 ...............................
1313 2069 1339 2152 ἡ*
1360 2069 1444 2132 Mul-

299 2174 368 2236 tum
390 2175 423 2236 et
444 2172 586 2257 graviter
606 2171 702 2253 valui,
726 2171 770 2234 mi
793 2171 901 2234 Marce
924 2170 1097 2234 uerissime.
1128 2169 1212 2234 Dein
1236 2170 1361 2234 ensibus
1384 2170 1445 2234 mi·

300 2273 439 2337 serrirnis
468 2273 615 2337 adflictus
642 2273 748 2336 sum⁵t
776 2294 907 2337 uxorem
935 2272 1044 2355 amisi,
1068 2274 1219 2354 nepotem
1247 2271 1283 2335 in
1310 2271 1445 2335 Germa·
1477 2281 1481 2286 '

299 2375 380 2438 nia6
413 2375 525 2439 amisi:
564 2375 714 2438 miserum
750 2373 841 2436 me⁷!
886 2373 1116 2437 Decimanum⁸
1154 2376 1300 2437 nostrum
1337 2373 1444 2437 amisi.

300 2474 434 2540 Ferreus
457 2476 484 2540 si
506 2497 617 2558 essem,
641 2474 733 2558 plura
756 2475 894 2539 seribere
916 2497 983 2538 non
1005 2496 1131 2558 possem
1151 2474 1214 2538 isto
1235 2474 1444 2557 intempore.

300 2577 431 2642 Librum
452 2577 526 2642 misi
548 2577 608 2641 tibi
631 2598 725 2661 quem
746 2597 804 2659 pro
827 2576 974 2640 omnibus
996 2575 1140 2640 haberes.

724 2699 799 2773 Leni
819 2695 1016 2758 Emendavit

713 2829 757 2893 M.
781 2828 1030 2894 FRONTONIS

681 2948 729 3002 DE
750 2947 896 3002 NEPOTE
918 2946 1059 3002 AMISSO.

387 3127 401 3174 1
421 3120 502 3175 eon:
521 3123 608 3188 effice.

387 3212 402 3258 2
419 3204 520 3274 Incipit
543 3204 608 3259 Cod.
631 3223 658 3273 p.
681 3208 740 3271 181,
759 3204 789 3257 in
808 3220 864 3271 qua
881 3201 964 3257 hodie
981 3202 1021 3257 nil
1038 3202 1141 3271 legitur
1158 3204 1272 3271 praeter
1290 3202 1344 3254 duo
1363 3217 1447 3256 voca·

301 3290 368 3345 bula
386 3292 422 3344 ab
440 3288 528 3344 initio.

388 3383 404 3431 3
421 3373 552 3442 Sequitur
571 3374 636 3428 Ood.
655 3392 682 3443 p.
703 3378 765 3439 196,
783 3371 881 3425 itidem
898 3372 1021 3440 pessime
1038 3372 1145 3426 habita.

386 3458 522 3528 41neipit
543 3457 609 3512 uod.
634 3477 660 3527 p.
684 3463 738 3513 195.
777 3456 804 3510 C.
830 3456 859 3509 F.
883 3456 928 3511 W.
947 3456 1080 3510 Mullerus
1101 3456 1131 3509 in
1148 3456 1247 3510 Annal.
1272 3454 1447 3509 Fleckeiseni

302 3544 389 3599 XCIII
407 3562 433 3613 p.
453 3550 504 3598 490
522 3540 628 3596 scribit:
646 3548 761 3610 praviter
779 3546 857 3596 dolui.

387 3634 403 3683 5
423 3628 502 3683 Cod.:
521 3641 578 3682 turn.

387 3718 403 3767 6
420 3713 528 3782 Nempe
545 3712 574 3765 in
592 3711 715 3765 exercitu
731 3710 819 3780 patris
835 3711 934 3765 contre,
951 3708 1047 3764 Cattos
1066 3707 1203 3763 bellantis.
1223 3665 1397 3777 efiCapitol.
1417 3709 1447 3763 in

303 3799 464 3938 MarchIta
483 3882 582 3937 Codex.
618 3879 708 3935 Mutus
726 3886 878 3935 miserrume.

388 3972 404 4021 8
422 3968 521 4021 Utrum
542 3964 708 4019 Deeimunus
732 3978 834 4018 nomen
852 3963 888 4017 sit
905 3963 1015 4033 nepotis
1038 3981 1074 4017 un
1096 3962 1166 4017 elius
1186 3963 1307 4016 hominis
1330 3962 1447 4016 definire

305 4068 360 4104 non
377 4051 474 4105 audeo.
515 4054 543 4102 Τ.
566 4055 674 4103 Vettium
697 4054 857 4101 Decimanum
878 4048 942 4117 lego
965 4048 1041 4118 apud
1063 4047 1213 4101 Gruterum
1233 4065 1261 4116 p.
1281 4050 1339 4100 428.
1363 4054 1395 4100 10
1417 4046 1448 4099 in

306 4133 391 4199 notis3
409 4134 439 4187 L.
459 4132 622 4187 Decumium
639 4133 829 4186 Decumanum
852 4133 928 4201 apud
944 4132 1128 4188 Muratorium
1149 4149 1176 4201 p.
1198 4135 1270 4187 1984.
1290 4136 1314 4183 4.
1349 4135 1447 4184 Maius.

390 4224 406 4271 9
423 4218 508 4273 Manu
526 4218 697 4272 correctoris.
