3300 6050
650 852 700 906 AD
718 851 851 906 AMICOS
869 851 1014 904 LIBERI.
1345 850 1405 915 185

263 1027 350 1091 dium
371 1026 594 1090 renuntiatum
609 1024 711 1088 oratio
727 1025 855 1087 domum
875 1045 979 1086 meam
1002 1025 1034 1085 11
1057 1043 1182 1085 mecum
1198 1021 1301 1084 denuo
1316 1043 1404 1084 man-

263 1129 374 1193 sitavit
398 1176 700 1191 ..........
726 1127 767 1189 ab
790 1148 854 1188 anu
877 1125 1027 1188 annulla¹
1053 1173 1291 1187 ........

358 1296 458 1364 XVI.
504 1296 655 1382 (Fronto
677 1294 858 1361 Praecilio
884 1294 1101 1376 Pompeiano
1124 1289 1313 1376 Salutem.)

347 1433 433 1517 Lege
463 1432 624 1497 carissime
652 1431 732 1494 mihi
762 1420 783 1494 ‚⁴
802 1478 1403 1493 ...................

266 1586 272 1598 .
299 1585 306 1598 .
333 1585 338 1596 .
366 1536 406 1620 'p
431 1585 437 1597 .
460 1547 470 1597 '.
498 1585 504 1597 .
532 1584 537 1596 .
565 1585 571 1596 .
617 1533 760 1598 Venetus
782 1532 905 1596 venalis
933 1534 991 1595 est.
1037 1529 1106 1594 Scis
1134 1532 1195 1594 hoc
1216 1533 1406 1615 perpetuum

263 1636 402 1700 Veneti3
421 1637 526 1699 fatum
554 1657 636 1717 esse,
661 1638 697 1698 ut
718 1657 895 1718 numquam
916 1633 1069 1715 venierit,
1097 1633 1225 1696 veniat⁴
1248 1654 1373 1715 semper
1396 1682 1403 1695 .

267 1787 541 1802 .........
553 1738 577 1822 li
600 1737 656 1800 das
681 1759 802 1800 curare.
847 1735 1009 1799 Rescribit
1031 1734 1110 1798 mihi
1132 1734 1257 1798 litteras
1280 1756 1314 1798 se
1335 1735 1405 1797 nul-

263 1840 311 1903 las
334 1840 505 1924 accepisse.
550 1839 600 1902 'Pu
624 1840 765 1902 011111116
790 1862 796 1902 .’
823 1888 830 1901 .
855 1838 967 1921 loquar
990 1881 1004 1901 .-
1024 1887 1230 1900 .......

618 2008 739 2074 XVII.
785 2007 854 2091 (el.
877 2006 1049 2090 Iuliano.)

349 2143 501 2208 Habuisti
523 2143 624 2229 igitur
650 2143 735 2207 domi
766 2191 1403 2206 ....................

264 2249 314 2311 lta
335 2245 535 2310 instituimus
558 2245 748 2328 amicitiam,
778 2247 816 2308 ut
837 2243 916 2309 haec
938 2245 1070 2328 vulgata
1091 2244 1199 2308 officia
1221 2244 1406 2328 neglegere·

264 2372 334 2412 mus
356 2369 431 2412 vero
454 2369 560 2411 amore
584 2347 728 2412 contenti
753 2396 893 2410 .....
939 2346 1020 2412 Cum
1042 2346 1144 2409 amico
1166 2345 1275 2409 omnia
1297 2366 1406 2408 amara

265 2455 297 2515 et
331 2450 436 2514 dulcia
466 2449 701 2513 communicata
734 2449 830 2513 velim
860 2498 999 2512 .....
1030 2470 1066 2511 11
1096 2495 1403 2510 ..........

265 2553 344 2616 situs
366 2552 467 2615 hunn.
492 2573 529 2615 eo
550 2551 699 2635 pervenit
721 2554 757 2615 ut
779 2555 864 2615 esset
886 2549 964 2614 mihi
979 2571 1045 2613 non
1060 2552 1189 2613 tantum
1212 2549 1405 2614 carissimus·

266 2654 328 2718 sis⁷
352 2655 407 2718 sed
429 2675 531 2737 paene
554 2655 639 2718 solus
664 2703 804 2718 .....

611 2823 751 2889 ΧἮΙΙ.
797 2822 1060 2910 (eulaliam.)

348 2913 465 3023 Nescio
492 2980 554 3044 quo
582 2962 677 3043 pacto
698 2960 737 3023 fit
760 3006 1404 3025 ....................

268 3112 274 3125 .
301 3112 307 3124 .
334 3112 339 3124 .
367 3062 410 3146 li
437 3082 547 3125 omnes
577 3061 789 3146 provinciales
816 3061 913 3144 loqui.
959 3061 1063 3124 Multa
1091 3061 1189 3124 etiam
1216 3060 1406 3124 laboriosius

352 3305 364 3351 1
382 3296 471 3351 Maius
489 3298 571 3366 legit:
590 3304 714 3351 naucella.
749 3297 854 3352 Verum
873 3299 922 3363 est,
941 3298 973 3350 ut
991 3297 1097 3365 opinor,
1115 3303 1210 3350 nautia.

264 3373 271 3378 ’
350 3381 595 3450 21110111011111
622 3383 651 3435 11
675 3383 767 3452 prima
784 3383 871 3437 verba
894 3382 979 3435 sumsi
1001 3398 1035 3435 ex
1052 3381 1154 3436 Indice.
1191 3380 1321 3448 Sequitur
1339 3380 1404 3435 Ood.

264 3487 292 3537 p.
312 3475 369 3535 294,
388 3484 460 3536 quae
479 3467 597 3521 evanida
616 3470 658 3520 est
675 3469 788 3537 praeter
806 3466 916 3522 unicam
934 3465 1145 3521 adnotationem
1161 3468 1191 3519 in
1208 3465 1343 3534 margine.

350 3560 366 3607 3
384 3553 428 3606 Ita
446 3550 552 3617 Codex3
580 3558 685 3606 Venetis
702 3552 799 3607 Maius.

350 3636 545 3692 4111001111.
583 3641 678 3691 Maius.

350 3721 484 3792 sincipit
502 3721 568 3777 eod.
590 3740 617 3791 p.
637 3728 695 3777 293.

351 3813 366 3860 6
383 3808 455 3860 Hinc
471 3806 500 3860 in
517 3805 623 3876 pagina
640 3824 724 3874 quam
742 3805 798 3859 dixi
816 3806 910 3860 omnia
926 3806 1070 3875 perierunt
1086 3808 1199 3875 practer
1216 3807 1274 3860 tres
1292 3804 1407 3860 adnota-

266 3893 356 3946 tiones
377 3891 407 3945 in
428 3893 564 3960 margine.
603 3890 692 3945 Maius
715 3892 762 3960 qui
784 3891 838 3944 hoc
859 3890 955 3945 folium
979 3892 1040 3946 1000
1062 3908 1118 3947 non
1140 3908 1189 3945 suo
1211 3890 1305 3960 posuit
1327 3908 1406 3960 prae·

265 3979 344 4031 terea
355 3975 425 4031 vidit
435 3976 577 4045 Epistulae
589 3976 713 4043 1111111111,
732 3976 808 4030 cuius
826 3976 918 4045 prima
934 3977 1021 4031 verba
1039 3976 1124 4031 erant
1146 3982 1212 4030 Has·
1223 3982 1319 4030 saitem.
1343 3976 1407 4044 Epi·

266 4062 366 4115 stolam
383 4060 519 4114 inscribit:
549 4065 646 4115 Fronto
669 4066 800 4115 Victorino
821 4067 920 4116 Generc
938 4065 1062 4128 Salutem,
1082 4062 1131 4115 sed
1148 4061 1264 4127 Maium,
1284 4060 1332 4130 qui
1349 4078 1406 4115 sae·

266 4145 328 4214 pius
345 4143 535 4213 Epistularum
546 4144 738 4214 inscriptiones
750 4161 806 4199 non
818 4145 925 4199 monito
937 4148 1042 4202 lectore
1061 4164 1094 4201 ex
1111 4147 1205 4201 Indice
1222 4146 1406 4212 transscribit,

265 4231 319 4284 hoc
342 4245 451 4298 quoque
474 4229 508 4282 de
532 4230 690 4284 coniectura
716 4230 825 4285 dedisse
849 4232 981 4300 suspicor.
1018 4232 1099 4286 Certe
1121 4232 1149 4285 in
1170 4232 1263 4301 prima
1285 4231 1406 4285 editione

266 4313 363 4368 scribit
380 4314 449 4367 haec
465 4314 586 4367 tantum:
621 4319 752 4369 Victorino
773 4319 881 4371 Genera.
917 4315 990 4370 Satis
1008 4318 1118 4371 constat
1134 4316 1163 4370 in
1180 4317 1283 4371 talibus
1301 4316 1406 4383 Maium

266 4414 322 4453 non
339 4397 423 4452 fuisse
442 4398 686 4452 accuratissimum.
717 4398 787 4464 Quia
804 4400 881 4453 nulla
899 4400 1037 4455 dubitatio
1056 4402 1099 4454 est
1116 4401 1151 4454 de
1169 4400 1298 4454 foliorum
1316 4400 1405 4469 dispo-

267 4483 376 4550 sitione,
394 4482 454 4536 fieri
471 4499 526 4536 non
543 4485 638 4552 potest
656 4484 722 4550 quin
739 4485 829 4538 lateat
846 4486 1035 4553 fragmentum
1053 4485 1194 4553 Epistulae
1212 4484 1249 4538 ad
1267 4484 1305 4538 Ol.
1325 4485 1406 4538 lulia-

266 4585 339 4621 num.
376 4565 468 4621 Etiam
494 4566 523 4619 in
549 4566 646 4637 primis
673 4568 766 4622 verbis
789 4584 896 4623 errasse
922 4569 1027 4623 Maium
1049 4568 1186 4637 suspicor,
1218 4586 1280 4622 cum
1298 4570 1406 4637 legeret

253 4657 325 4707 .Has
342 4659 430 4706 saltem
447 4668 499 4721 pro
517 4656 640 4706 Habuisti
655 4658 732 4721 igitur
750 4659 829 4715 donzi,
848 4655 879 4706 ut
897 4653 985 4707 estin
1002 4653 1103 4707 Indice.

351 4743 366 4790 i
384 4737 491 4805 Nempe
509 4754 561 4805 pro
579 4743 723 4792 carissimus
740 4743 769 4792 is.

350 4827 366 4875 8
385 4820 515 4888 Sequitur
533 4820 599 4876 Cod.
619 4841 646 4891 p.
666 4823 822 4891 28⁰‚valde
840 4823 964 4880 obscura
994 4821 1206 4894 Inscriptionem
1224 4824 1253 4878 et
1271 4823 1405 4892 epistolae

266 4905 376 4961 initium
394 4905 480 4961 sumsi
497 4923 531 4963 ex
547 4906 647 4963 Indice.
