3300 6050
509 838 558 892 Ab
576 839 612 892 Μ.
631 837 852 892 ANTONINUM
869 837 916 890 DE
934 835 1173 902 ELOQUENTIA.
1218 869 1221 873 .
1355 793 1425 903 149Ι

361 1010 543 1092 compesce,
568 1009 827 1089 buecedppcvcc,
852 1009 951 1075 εώζεο
974 1008 1054 1086 poc.

359 1109 448 1185 Quod
477 1109 587 1172 librari
615 1131 713 1172 manu
742 1108 881 1192 epistula
903 1109 1023 1172 scribta
1046 1113 1108 1192 est,
1139 1133 1158 1173 a
1186 1111 1295 1176 labore
1323 1113 1414 1196 gravi
1445 1132 1455 1142 ·

275 1212 385 1297 digitis
409 1211 553 1307 consului
576 1209 629 1292 qui
652 1212 728 1273 sunt
749 1210 814 1272 iam
835 1208 871 1273 in
893 1210 1084 1293 suspicione.

508 1446 582 1512 ΙΙΙ.
625 1444 807 1512 Antonino
830 1444 992 1528 Augusto
1013 1446 1179 1513 Front02.

359 1601 442 1677 Quid
466 1651 473 1664 .
500 1649 507 1664 .
531 1603 691 1664 scrutetur
712 1622 776 1682 qua
799 1649 806 1662 .
833 1649 840 1663 .
870 1621 1016 1682 propera.
1061 1598 1173 1684 Neque
1203 1602 1332 1666 balbam
1353 1605 1414 1668 vir·

274 1704 394 1787 ginem,
418 1724 499 1785 quae
521 1702 651 1765 vestalis
674 1701 733 1778 sit,
757 1701 828 1783 capi
850 1701 901 1764 fas
924 1702 982 1783 est,
1006 1722 1110 1784 neque
1132 1701 1314 1766 sirbenam3
1338 1755 1346 1768 .
1372 1755 1379 1768 .
1405 1755 1412 1769 .

276 1852 581 1873 ..........
594 1803 703 1868 Verba
731 1803 769 1865 de
791 1802 1045 1866 balbutientibus
1067 1804 1216 1886 ponenda
1238 1805 1348 1868 varie⁴
1373 1855 1380 1868 .
1406 1857 1413 1869 .

175 1929 177 1935 ·
273 1906 379 1969 minus
397 1955 403 1967 .
423 1954 430 1968 .
447 1904 711 1968 balbuttientium
731 1905 853 1968 vilium⁵
875 1903 924 1965 his
939 1903 1040 1966 ferme
1056 1904 1160 1967 verbis
1176 1904 1414 1989 significatum:

273 2029 333 2071 vox
355 2006 520 2089 impedita,
544 2027 604 2069 vox
627 2005 747 2087 vincta,
770 2026 832 2067 vox
854 2003 1006 2086 difficilis,
1032 2025 1093 2068 vox
1111 2005 1249 2093 [fracta]‚
1274 2028 1334 2070 vox
1356 2008 1414 2070 im-

273 2109 425 2191 periecta,
451 2129 510 2171 vox
533 2107 663 2169 absona.
695 2105 756 2168 His
773 2105 934 2169 contraria
956 2106 1124 2188 quaerenti
1146 2107 1206 2171 tibi
1229 2108 1415 2173 subvenisse

274 2213 396 2292 certum
418 2209 536 2272 habeo:
573 2228 633 2270 vox
657 2207 819 2289 expedita,
849 2228 910 2269 vox
933 2206 1094 2290 absoluta,
1125 2229 1185 2271 vox
1207 2209 1329 2292 facilis,
1353 2231 1414 2274 vox

275 2309 452 2398 [perfecta]‚
470 2331 536 2373 .vox
562 2306 743 2395 [amabilisl.
788 2307 858 2371 Tua
881 2329 940 2371 vox
958 2357 964 2371 .
984 2358 991 2371 .
1013 2329 1086 2371 vere
1110 2358 1118 2372 .
1144 2358 1151 2371 .
1177 2359 1184 2372 .
1208 2332 1275 2373 non
1299 2360 1306 2373 .
1332 2360 1339 2374 .
1363 2311 1414 2375 his

273 2412 420 2475 omnibus
445 2461 452 2475 .
479 2460 486 2474 .
512 2460 519 2473 .
544 2408 710 2493 percensio
739 2408 781 2472 sit
805 2456 1212 2474 .............
1226 2404 1231 2418 ’
1239 2461 1379 2476 .....
1389 2413 1415 2494 li

272 2513 369 2578 Vocis
397 2511 578 2588 modulatae
601 2513 759 2574 amatores
786 2510 908 2593 primas
931 2510 1056 2573 audisse
1078 2511 1227 2574 feruntur
1250 2534 1323 2584 aves
1346 2535 1413 2576 ver-

272 2636 331 2678 nas
353 2614 424 2677 lucc
447 2634 557 2696 opaco.
601 2612 680 2675 Post
701 2613 846 2695 pastores
868 2633 979 2675 recens
1008 2612 1143 2695 repertis
1165 2613 1281 2676 fistulis
1304 2636 1337 2677 se
1360 2615 1413 2678 ad·
1451 2690 1454 2695 ¹

272 2738 332 2800 que
355 2737 451 2799 pecus
474 2714 690 2778 oblectabant.
736 2712 834 2776 Visae
855 2713 982 2776 fistulae
1001 2714 1117 2798 longe⁷
1140 2700 1250 2778 avibus
1271 2716 1411 2779 modula·
1460 2700 1461 2703 Ἴ

271 2818 368 2881 tiores
393 2866 400 2880 .
426 2867 433 2880 .
462 2815 730 2880 murmurantium
759 2814 912 2897 l⁸vcculis
940 2815 975 2877 in
1002 2815 1079 2899 lucc*
1103 2816 1301 2899 eloquentiae
1329 2817 1413 2881 oble-

272 2921 411 2983 etantur.

356 3019 499 3083 Ennium
526 3018 640 3083 deinde
670 3021 702 3081 et
724 3017 860 3082 Accium
888 3020 920 3081 et
942 3017 1144 3082 Lucretium9
1173 3019 1326 3102 ampliore
1348 3021 1412 3084 iam

272 3124 398 3206 mugitu
420 3119 624 3205 personantis
647 3122 756 3182 tamen
778 3119 930 3183 tolerant.
1491 3167 1493 3171 ,

356 3223 402 3285 At
429 3221 484 3284 ubi
514 3220 645 3284 Catonis
673 3223 705 3283 ct
734 3218 877 3283 Sallustii
906 3223 938 3282 et
960 3220 1044 3283 Tulli
1072 3221 1151 3283 tuba
1179 3222 1328 3285 exaudita
1351 3227 1410 3304 est,

271 3324 435 3408 trepidant
456 3325 489 3385 et
510 3324 629 3404 pavent
657 3323 690 3383 et
710 3321 821 3403 fugam
843 3320 964 3384 frustra
988 3321 1194 3384 meditantur.
1239 3322 1324 3385 Nam
1345 3323 1412 3387 illic

271 3447 395 3509 quoque
416 3424 452 3487 in
474 3421 695 3505 philosophiae
718 3421 911 3504 disciplima,
938 3422 993 3484 ubi
1014 3425 1121 3485 tutum
1143 3422 1204 3486 sibi
1227 3424 1411 3508 perfugium

271 3528 402 3609 putant,
426 3524 571 3587 Platonis
592 3520 784 3610 fonelmatla
807 3525 902 3586 erunt
924 3522 1092 3586 audienda.

355 3781 372 3817 a
390 3767 424 3816 ln
441 3766 568 3829 marciae.-
586 3758 692 3824 Quibus
709 3758 852 3814 vocabulis
869 3758 1045 3828 appellentur
1063 3759 1174 3814 sirbeni.

357 3954 368 3999 1
389 3948 432 4000 Ita
449 3945 548 3999 Maius.
573 3944 684 3998 Amicus
697 3961 711 3996 c
725 3944 825 3999 Codice
844 3945 912 3998 nihil
930 3946 1062 4011 enotavit,
1080 3944 1128 3998 sed
1147 3946 1222 3999 aliud
1240 3947 1308 4015 quid
1324 3948 1411 4002 latere

270 4032 449 4086 manifestum
468 4031 522 4096 cst3
540 4047 565 4083 v.
585 4046 607 4082 c.
628 4029 806 4096 καθωείωμαί
824 4047 873 4083 (οι.
905 4031 970 4085 Mox
987 4046 1039 4099 pro
1057 4051 1129 4083 manu
1146 4049 1188 4099 pr.
1207 4050 1244 4085 m.
1263 4052 1367 4086 manum.

356 4124 371 4170 2
391 4113 541 4182 Sequentia
563 4113 714 4167 admodum
737 4114 855 4168 obscura
873 4116 938 4168 sunt
954 4117 1067 4183 praeter
1085 4115 1140 4168 duo
1157 4117 1249 4184 prima
1265 4118 1409 4171 vocabula.

355 4207 371 4253 3
388 4199 465 4252 Haec
482 4198 620 4252 sententia
638 4215 653 4251 e
671 4196 798 4265 margine
817 4199 868 4251 est.
903 4199 945 4253 De
963 4216 1031 4253 voce
1048 4204 1164 4269 sirbencs
1186 4204 1219 4254 cf.
1239 4201 1309 4255 Gell.
1329 4203 1350 4257 Ι.
1370 4208 1409 4255 1⁶2.

354 4290 370 4337 4
389 4282 515 4348 Quinque
533 4282 603 4335 haec
621 4282 707 4335 verba
718 4281 747 4335 in
759 4282 887 4350 margine
901 4285 977 4349 sunt,
995 4299 1085 4350 neque
1104 4284 1172 4337 satis
1191 4287 1300 4339 constat
1317 4286 1410 4339 utrum

236 4386 239 4391 ·
270 4370 325 4422 sint
347 4368 460 4422 etextu
478 4366 629 4434 exscripta,
648 4383 689 4443 ¹an
711 4366 805 4435 potius
828 4366 925 4420 scholii
946 4384 1023 4421 more
1045 4367 1156 4432 addita;
1182 4368 1231 4422 sed
1249 4370 1302 4422 hoc
1320 4371 1410 4437 magis

269 4454 378 4507 videtur
397 4451 433 4504 ob
451 4450 587 4505 variatam
606 4449 835 4520 orthographiam
853 4455 948 4505 balbua‘
966 4468 1018 4521 pro
1036 4457 1150 4506 baldari.
1184 4458 1279 4508 Maius.

353 4542 369 4589 5
387 4536 508 4589 Tantum
526 4533 614 4587 estin
633 4532 732 4588 Codice
750 4533 878 4602 spatium.
911 4540 1005 4589 Maius.
1095 4586 1102 4592 .

354 4628 369 4675 6
388 4619 519 4687 Sequitur
537 4617 603 4672 (iod.
621 4636 647 4687 p.
668 4625 726 4681 374,
745 4635 816 4686 quae
834 4618 941 4673 interiit
957 4620 1070 4688 praeter
1086 4637 1177 4689 pauca
1193 4622 1222 4675 in
1240 4624 1378 4693 margine.-

354 4712 369 4759 7
389 4704 494 4758 Codex:
518 4710 615 4771 longae.
1054 4730 1058 4733 ·

353 4794 369 4843 8
387 4788 488 4856 Incipit
506 4787 571 4842 cod.
591 4805 618 4856 p.
638 4794 696 4842 373.

353 4880 368 4927 9
387 4874 431 4926 Ita
448 4872 541 4927 Codex
560 4872 648 4926 amico
668 4871 797 4926 exhibere
815 4872 889 4926 visus
907 4875 957 4941 est,
974 4874 1049 4929 Maio
1067 4880 1221 4931 Lucretium.
