3300 6050
435 869 484 924 AD
502 867 538 922 M.
554 867 745 923 CAESAREM
762 867 809 922 ET
828 865 981 922 INVICEM
998 866 1106 921 LIBER
1126 866 1186 921 llll.
1205 948 1216 962 Ι
1348 867 1388 933 73

249 1039 269 1124 (¹
294 1041 512 1124 impetratum,
537 1040 620 1122 quod
643 1040 815 1123 gaudium²
842 1040 1017 1122 integrum,
1047 1039 1130 1121 quod
1151 1038 1277 1101 laudem
1299 1037 1388 1101 nobi-

219 1142 309 1221 lem
333 1144 428 1223 atque
449 1140 666 1204 incolumem?
710 1140 868 1224 Equidem
896 1161 956 1224 ego
983 1139 1053 1223 quit
1079 1139 1159 1202 mihi
1188 1139 1309 1223 legenti
1337 1139 1387 1201 lit-

245 1247 331 1307 teras
354 1246 426 1305 tuas
449 1242 643 1324 subvenerit,
668 1241 747 1324 sci03
771 1263 833 1324 qua
855 1263 929 1305 vero
951 1240 983 1304 id
1005 1242 1130 1304 ratione
1153 1240 1305 1322 evenerit,
1334 1262 1388 1303 ne-

246 1345 326 1427 sci03
348 1344 467 1426 nescio,
491 1343 633 1426 inquam,
659 1365 714 1405 cur
735 1343 839 1426 magis
862 1343 902 1405 ad
922 1346 1014 1406 tuum
1034 1365 1130 1425 quarn
1146 1343 1185 1405 ad
1207 1345 1281 1406 tuae
1303 1342 1388 1405 filiae

245 1446 422 1530 periculum
452 1440 674 1534 consternatus
702 1445 777 1508 sim:
811 1442 875 1507 nisi
905 1444 1005 1526 forte,
1036 1444 1165 1507 tametsi
1192 1444 1283 1527 paria
1311 1444 1386 1526 sint,

247 1547 394 1630 graviora
426 1549 535 1609 tamen
567 1545 717 1614 videntur
728 1595 737 1628 ,
772 1567 853 1629 quae
882 1546 921 1608 ad
955 1566 1047 1608 aures
1081 1545 1170 1628 prins
1205 1545 1386 1608 acciduncb.

247 1648 334 1723 (luae
356 1647 492 1731 denique
514 1647 646 1710 huiusce
669 1647 715 1710 rei
737 1648 830 1729 ratio,
854 1650 890 1710 tu
912 1646 1039 1710 facilius
1062 1646 1154 1728 scias,
1185 1647 1239 1729 qui
1267 1646 1305 1709 de
1332 1669 1388 1709 na-

247 1754 319 1813 tura
342 1752 374 1813 et
397 1749 542 1813 sensibus
565 1748 730 1819 hominurn
752 1749 814 1812 scis
838 1748 973 1831 amplius
1004 1747 1123 1830 aliquid
1146 1747 1320 1831 meliusque
1343 1747 1388 1810 di-

207 1849 223 1876 *
247 1852 362 1914 dicisti.
407 1851 489 1935 Ego,
513 1852 568 1934 qui
590 1874 609 1913 a
630 1870 701 1913 meo
722 1850 878 1934 magistro
900 1853 933 1913 61
954 1852 1088 1933 parente
1115 1849 1320 1913 Athenodoto
1350 1850 1389 1912 ad

247 1952 392 2036 exempla
415 1955 447 2015 et
468 1951 627 2036 imagines
650 1951 803 2035 quasdam
825 1973 941 2034 rerum,
966 1973 1044 2034 quas
1065 1950 1120 2014 ille
1140 1951 1266 2016 εἰκόνα(
1282 1951 1388 2035 appel-

246 2048 353 2137 labat,
399 2057 473 2137 apte
515 2053 622 2116 animo
666 2052 1002 2136 compraehendundas
1039 2052 1388 2135 adcommodandasque

246 2157 448 2220 mediocriter
469 2155 637 2219 institutus
660 2176 740 2237 sum,
764 2154 849 2218 hanc
871 2154 1002 2217 huiusce
1025 2154 1069 2217 rei
1086 2154 1263 2238 imaginem
1277 2176 1388 2237 reppe-

246 2259 325 2322 risse
358 2258 482 2340 videor,
518 2278 573 2319 cur
605 2278 693 2319 meus
727 2255 903 2319 translatus
938 2258 1043 2318 metus
1076 2255 1191 2319 leviore
1231 2257 1274 2318 sit
1308 2254 1388 2317 mihi

246 2360 348 2424 visus:
382 2358 492 2424 Simile
520 2355 626 2422 solere
649 2357 774 2421 evenire
802 2379 882 2420 onus
909 2379 1006 2440 grave
1031 2379 1140 2420 umero
1173 2356 1386 2441 gestantibus

248 2484 319 2525 curn
345 2460 419 2524 illut
451 2483 531 2524 onus
561 2461 596 2523 in
625 2460 790 2523 sinistrum
825 2460 865 2522 ab
898 2460 1009 2523 dextro
1043 2481 1152 2522 umero
1178 2458 1387 2540 transtulere3

247 2585 438 2647 quamquam
460 2563 542 2626 nihil
564 2562 602 2625 de
624 2552 764 2645 pondere
786 2562 984 2625 deminutum
1011 2561 1064 2644 sit,
1093 2565 1202 2625 tamen
1224 2564 1261 2624 ut
1282 2560 1387 2624 oneris
1431 2547 1433 2551 ⁵

246 2664 415 2727 translatio
439 2665 582 2727 videatur
605 2663 927 2727 611611116161611621.

329 2765 426 2830 Nunc
453 2766 604 2850 quoniam
629 2767 791 2849 postrema
817 2768 909 2848 parte
939 2765 1095 2849 epistulae
1118 2768 1202 2848 tuae,
1233 2787 1296 2848 qua
1323 2787 1387 2829 rne-

245 2867 378 2930 liuscule
399 2867 464 2930 iam
486 2867 591 2930 valere
613 2866 801 2930 Faustinam
828 2866 998 2950 nuntiasti,
1018 2868 1042 2951 l³
1057 2890 1184 2930 omnem
1211 2866 1299 2929 mihi·
1316 2889 1387 2950 pro-

246 2991 299 3032 sus
321 2972 442 3033 metum
470 2990 507 3033 ac
533 2967 780 3032 sollicitudinem
808 2968 972 3053 depulisti3
1000 2990 1067 3033 non
1094 2969 1235 3033 alienum
1261 2971 1387 3052 tempus

245 3071 371 3135 videtur
393 3072 430 3134 de
453 3092 523 3134 meo
546 3070 695 3133 adversus
717 3073 749 3134 16
772 3092 878 3133 amore
900 3070 1062 3134 remissius
1091 3071 1205 3154 aliquit
1226 3073 1333 3135 tecum
1355 3074 1388 3134 61

246 3172 408 3236 liberalius
430 3172 612 3235 fabulandi:
640 3191 716 3234 narn
742 3172 844 3235 ferme
865 3174 954 3235 metu
975 3193 1094 3256 magno
1116 3175 1149 3235 61
1170 3194 1287 3255 pavore
1310 3172 1386 3235 rele-

246 3274 328 3337 vatis
352 3274 536 3338 conceditur
557 3273 665 3336 ludere
688 3272 828 3356 aliquid⁴
857 3275 953 3356 atque
979 3274 1127 3357 ineptire.
1172 3273 1243 3357 Ego
1266 3276 1386 3357 quanto

246 3397 339 3458 opere
367 3378 399 3439 16
428 3374 570 3460 diligam,
601 3396 667 3438 non
701 3374 807 3438 minus
840 3376 879 3439 de
906 3375 1059 3458 gravibus
1087 3381 1120 3437 61
1146 3374 1236 3437 seriis
1265 3376 1386 3458 experi-

245 3478 363 3541 mentis
385 3499 481 3560 quam
502 3476 661 3560 plerisque
684 3476 781 3540 etiam
801 3476 925 3539 frivolis
947 3476 1060 3540 sentio.
1095 3475 1182 3551 Quae
1205 3480 1261 3540 aut
1284 3476 1386 3540 cuius-

246 3578 330 3641 modi
352 3578 418 3642 sint
439 3579 519 3642 haec
539 3577 654 3642 frivola
675 3578 834 3641 indicabo,

329 3831 346 3867 a
365 3819 398 3867 In
415 3821 541 3883 marpine:
565 3814 645 3879 Quod
663 3816 786 3881 amatur,
803 3816 857 3868 hoc
879 3816 920 3867 est
939 3815 1014 3882 quod
1031 3816 1077 3869 lux
1095 3831 1207 3881 serena,
1230 3816 1306 3884 quod
1328 3815 1386 3870 dies

245 3899 344 3964 festus,
363 3900 438 3967 quod
455 3916 517 3969 spes
534 3897 705 3970 propinqua,
728 3900 804 3968 quod
825 3901 922 3953 votum
938 3898 1133 3969 impetratum,
1156 3901 1232 3969 quod
1253 3901 1386 3969 gaudium

244 3982 391 4050 integrum.
443 4032 448 4041 ,

330 4067 347 4120 b
367 4072 400 4120 In
417 4073 541 4135 rnarpine:
564 4068 623 4121 Etsi
640 4068 721 4138 paria
739 4068 805 4136 sint,
827 4068 957 4138 graviora
974 4070 1069 4123 tamen
1087 4068 1228 4136 videntur,
1252 4087 1323 4138 quae
1350 4071 1386 4124 ad

246 4168 326 4204 aures
343 4151 419 4220 prius
437 4152 572 4206 accedunt
590 4154 655 4221 (sic).

331 4240 396 4289 cIn
414 4243 537 4304 marpiae:
556 4238 588 4291 In
607 4238 673 4292 alio:
692 4238 797 4293 leviter.

331 4320 348 4372 d
367 4324 400 4373 In
417 4327 541 4389 irrorpine:
561 4321 629 4375 Cum
648 4339 715 4376 onus
731 4324 761 4377 in
778 4323 919 4377 sinistrum
937 4326 972 4378 ab
992 4325 1089 4379 dextro
1104 4340 1200 4377 umero
1212 4324 1385 4391 transfertur,

245 4403 314 4457 nihil
331 4404 365 4458 de
383 4404 506 4472 pondere
526 4405 706 4473 deminuitur3
727 4409 824 4473 tamen
841 4409 903 4477 ipsa
919 4408 1065 4462 translatio
1084 4407 1217 4462 relevatio
1237 4409 1285 4461 est.

331 4666 344 4712 1
363 4650 464 4728 lnc'ipit
482 4658 548 4713 Cod.
567 4659 656 4713 Vatic.
676 4679 703 4729 p.
720 4666 774 4713 141.

329 4751 344 4797 2
364 4743 429 4797 Cod.
448 4760 489 4812 pr.
509 4762 545 4795 1n.
565 4750 679 4798 elevatio.

330 4836 345 4882 3
363 4828 463 4898 Incipit
481 4827 546 4881 Cod.
566 4827 629 4882 Vat.
648 4847 675 4897 p.
691 4836 746 4883 132.

329 4919 346 4966 4
364 4911 429 4967 Ood.
448 4929 489 4981 pr.
509 4930 544 4966 m.
565 4919 675 4983 aliquod.
786 4984 789 4989 .
