3300 6050
415 885 464 939 AD
483 884 703 940 ANTONINUM
721 885 792 940 IMP.
812 885 859 939 ΕΤ
878 884 1031 940 INVIOEM
1047 886 1156 940 LIBER
1173 889 1194 940 l.
1327 889 1387 954 103

242 1058 341 1120 simus
370 1057 490 1120 habear
518 1057 694 1141 agrestium
721 1057 865 1120 omnium
898 1058 1102 1141 omniumque
1131 1059 1323 1141 aratorum¹,
1357 1061 1385 1123 si

241 1159 320 1222 milri
354 1159 475 1222 cariora
508 1160 575 1222 sint
606 1161 676 1222 sata
709 1159 865 1222 messibus
873 1172 895 1222 ³.
946 1159 1018 1244 Ego
1050 1181 1125 1223 vero
1161 1182 1242 1243 quae
1275 1162 1384 1244 optavi

242 1282 385 1345 quaeque
406 1261 478 1324 vovi
502 1282 630 1344 compos
653 1263 836 1343 optatorum
858 1264 1066 1345 votorumque
1088 1283 1231 1325 meorum
1253 1263 1383 1326 damna-

240 1365 292 1426 tus
315 1365 411 1445 atque
433 1362 586 1427 multatus
608 1384 693 1426 sum:
716 1364 751 1425 in
774 1383 845 1424 eam
866 1362 1002 1426 multam
1024 1362 1222 1447 duplicatum
1244 1386 1384 1428 amorem

240 1467 331 1528 tuum
354 1465 478 1548 desero3
500 1486 567 1528 non
589 1467 626 1526 ut
648 1464 825 1548 antiquitus
841 1465 958 1528 multas
978 1466 1122 1549 inrogari
1136 1487 1204 1529 mos
1218 1466 1283 1530 fuit
1296 1466 1384 1530 mille

240 1566 345 1629 minus
369 1565 528 1630 dimidio².
573 1565 675 1629 Assae
696 1566 832 1629 nutricis
861 1569 910 1630 est
936 1567 1097 1631 infantem
1123 1568 1227 1652 magis
1250 1567 1383 1652 diligere

239 1690 335 1752 quam
363 1667 522 1751 adultum;
559 1679 743 1731 suscensere
771 1669 869 1731 etiam
893 1668 916 1753 1³
937 1669 1098 1752 pubertati
1138 1669 1237 1733 stulta
1273 1670 1384 1733 nutrix

239 1769 335 1852 solet,
371 1792 505 1855 puerum
533 1769 571 1833 de
599 1769 722 1853 gremio
750 1769 817 1832 sibi'
839 1769 1012 1835 abductum
1039 1774 1072 1835 et
1101 1792 1213 1855 campo
1236 1773 1292 1834 aut
1312 1772 1383 1834 foro

239 1872 402 1936 traditum.
447 1871 655 1936 Litteratores
679 1871 777 1934 etiam
797 1871 853 1934 isti
875 1871 1047 1956 discipulos
1070 1895 1153 1956 suos,
1184 1872 1287 1958 quoad
1307 1895 1383 1956 pue-

239 1974 311 2037 rilia
326 1975 454 2038 discunt
470 1977 502 2036 et
515 1974 694 2036 mercedem
707 1973 864 2057 pendunt,
884 1975 988 2058 magis
1004 1975 1154 2059 diligunt.
1182 1975 1253 2060 Ego
1268 1976 1383 2058 quom⁴

239 2076 281 2144 611,
302 2097 410 2139 curam
434 2077 616 2159 cultumque
638 2075 784 2159 ingenii⁵
798 2076 845 2138 tui
865 2076 993 2160 accessi,
1017 2076 1105 2140 hunc
1125 2079 1159 2140 16
1174 2077 1300 2161 speravi
1313 2078 1382 2142 fore

238 2177 291 2260 qui
322 2200 409 2241 nunc
432 2200 480 2261 es3
516 2179 552 2240 in
581 2177 660 2240 haec
687 2180 744 2240 tua
771 2180 917 2261 tempora
945 2200 1084 2242 amorem
1112 2200 1218 2241 meum
1245 2179 1380 2243 intendi.

238 2278 379 2343 Lucebat
401 2280 435 2343 in
458 2278 595 2364 pueritia
617 2282 673 2341 tua
694 2279 795 2343 virtus
816 2280 926 2362 insita,
950 2279 1079 2343 lucebat
1101 2280 1324 2364 etiam-magis
1345 2283 1381 2345 in

238 2381 471 2445 adulescentia:
495 2382 549 2444 sed
571 2381 618 2445 ita
639 2382 677 2443 ut
692 2403 763 2444 cum
785 2382 1018 2445 16161111611166θ
1040 2381 1245 2446 inluculascit
1260 2381 1380 2447 lumine

237 2481 388 2545 incohato
396 2483 420 2546 b.
470 2481 567 2546 Nunc
593 2483 658 2546 iam
686 2484 788 2546 virtus
815 2483 944 2567 integra
972 2483 1047 2548 orbe
1075 2482 1241 2566 splendido
1270 2487 1381 2548 exorta

238 2587 286 2647 est
308 2587 340 2647 et
362 2584 458 2647 radiis
481 2585 689 2648 disseminata
711 2587 774 2649 est:
798 2587 835 2647 tu
856 2607 906 2648 me
930 2586 970 2648 ad
992 2585 1163 2669 pristinam
1184 2585 1273 2649 illam
1292 2607 1380 2650 men-

237 2707 344 2748 suram
366 2686 551 2749 luciscentis
575 2687 691 2750 amoris
713 2686 762 2751 tui
784 2708 914 2750 revocas
943 2691 975 2751 et
1001 2687 1091 2751 iubes
1118 2688 1278 2751 matutina
1301 2687 1380 2752 dilu-

238 2784 308 2850 cula
329 2787 436 2851 lucere
458 2787 618 2851 meridien
663 2788 765 2871 Audi,
795 2809 927 2872 quaese,
966 2786 1087 2873 quanto
1116 2790 1268 2874 ampliore
1291 2813 1379 2855 nunc

237 2889 280 2951 sis
308 2889 441 2972 virtute,
477 2911 572 2973 quam
601 2893 696 2953 antea
722 2891 837 2954 fueris:
876 2913 938 2974 quo
966 2892 1093 2955 facilius
1123 2893 1232 2956 credas
1259 2896 1380 2976 quanto

237 2990 372 3075 amplius
396 2991 511 3055 amoris
534 2991 695 3075 merearis,
721 2994 753 3055 et
775 3013 905 3076 poscere
928 2992 1055 3057 desinas
1077 2994 1278 3059 tantundem.

319 3093 406 3158 Uta
434 3094 554 3178 pietate
585 3081 776 3157 contendere
805 3096 839 3158 te
865 3094 993 3159 tibimet
1024 3096 1194 3180 incipiam,
1227 3098 1379 3181 obsequia

236 3218 313 3280 erga
334 3198 460 3279 patrem
481 3199 538 3260 tua
560 3195 716 3280 pristina⁷
741 3195 1002 3280 commemorabO,
1027 3218 1126 3281 eaque
1143 3220 1215 3262 cum
1229 3220 1378 3281 praesen-

235 3298 321 3361 tibus
344 3297 459 3361 officiis
483 3296 682 3380 comparabo
731 3295 808 3371 Quis
831 3298 962 3382 ignorat
983 3297 1038 3363 ubi
1060 3302 1153 3382 pater
1174 3302 1249 3372 tuus
1270 3300 1377 3365 minus

234 3399 370 3480 valeret,
399 3401 431 3461 te
453 3398 543 3462 iuxta
567 3418 638 3461 curn
661 3420 697 3461 eo
721 3420 828 3462 carere
850 3399 982 3482 balneo,
1015 3399 1091 3463 vino
1120 3423 1202 3484 aqua
1224 3401 1323 3465 etiam
1345 3406 1378 3466 et

236 3501 305 3564 cibo
327 3503 428 3565 temet
449 3500 604 3563 deducere
627 3499 780 3564 solitum?
808 3499 899 3564 nulla
921 3523 1072 3584 umquam
1094 3504 1126 3565 te
1147 3524 1250 3586 neque
1273 3504 1377 3567 somni

318 3738 335 3773 a
353 3725 387 3773 In
403 3726 528 3787 marpine:
551 3720 711 3789 Agrestium
742 3721 939 3787 aratorumque
974 3721 1166 3776 stolidissimus
1198 3722 1317 3791 habear,
1353 3724 1377 3777 si

234 3803 302 3857 mihi
320 3805 427 3859 cariora
444 3804 522 3858 sint.
545 3822 641 3859 mess
661 3848 692 3859 ..

317 3888 335 3941 b
354 3893 388 3941 In
405 3895 530 3958 margine:
548 3890 673 3944 Lucebat
691 3888 845 3942 -lumine
862 3888 993 3944 inchoato
1012 3892 1077 3959 (sic).

319 3989 333 4025 c
353 3976 387 4025 ln
404 3979 528 4042 mar-piae:
553 3974 595 4027 Tu
612 3991 657 4028 me
676 3975 712 4029 ad
724 3974 826 4028 amoris
843 3974 1007 4028 lucescentis
1023 3976 1214 4044 crepusculum
1230 3993 1375 4045 provocas,

234 4072 286 4125 ego
304 4059 332 4110 te
353 4056 389 4110 ad
407 4056 560 4124 meridiem,
578 4059 627 4112 ubi
644 4058 690 4112 ille
708 4058 818 4127 integro
838 4059 905 4112 orbe
924 4060 1000 4113 calor
1017 4060 1089 4114 altus
1108 4061 1157 4115 est.

319 4285 332 4331 1
352 4276 456 4331 Codex:
476 4289 618 4332 oratorum:
637 4295 704 4333 vera
721 4279 804 4333 lectio
822 4280 852 4332 in
870 4280 1004 4349 margine.
1035 4281 1188 4351 Perperam
1204 4282 1294 4338 Maius
1312 4300 1374 4339 con·

232 4363 350 4416 trarium
367 4361 479 4415 indicat.

316 4454 331 4500 2
349 4446 452 4500 Fateor
474 4462 519 4500 me
541 4447 611 4501 haec
633 4463 689 4502 non
709 4448 876 4519 intelligere.
916 4449 1090 4506 Ecksteinius
1113 4452 1269 4522 suspicatur
1290 4453 1374 4508 inter-

231 4531 419 4602 pretationem
436 4531 558 4601 pendere
577 4548 610 4585 ex
627 4531 669 4600 iis,
688 4550 759 4601 quae
777 4534 875 4587 Festus
892 4534 980 4588 tradit
996 4535 1026 4589 in
1042 4554 1067 4591 v.
1087 4544 1194 4590 multam.

316 4625 332 4672 3
350 4615 450 4685 Incipit
468 4615 534 4686 (lod.
553 4615 617 4670 Vat.
636 4622 717 4685 1195.
755 4616 820 4672 dod.
840 4637 883 4687 pr.
901 4637 938 4673 m.
956 4625 1106 4688 pubertatis.

315 4708 332 4755 4
351 4700 455 4755 Codex:
476 4706 551 4769 quod.
588 4700 715 4756 Correxit
731 4700 829 4757 Maius.

315 4792 330 4840 5
350 4785 415 4839 Cod.
434 4802 475 4854 pr.
495 4803 531 4839 m.
550 4791 659 4853 inpediet
675 4792 735 4841 tuci.

315 4868 418 4923 ssAdd.
438 4886 490 4923 sec.
510 4888 546 4925 m.

315 4960 330 5008 7
350 4955 382 5007 cf.
403 4952 550 5023 Capitolia.
571 4962 623 5011 (1.5
641 4957 702 5011 616
721 4956 750 5011 61
766 4956 885 5013 Dionem
902 4957 995 5026 LXXI,
1007 4964 1048 5015 35.

1468 4504 1508 4577 ἱ
