3300 6050
602 878 783 934 PRINCIPIA
801 876 1004 933 HISTORIAE.
1309 883 1370 947 207

235 1049 418 1113 omittendis
451 1051 485 1114 in
513 1050 645 1114 velitum
682 1054 777 1133 atque
809 1050 1006 1113 funditorum
1040 1050 1169 1113 modum
1202 1050 1369 1115 seminudi.

233 1149 365 1214 Praeter
386 1150 603 1215 huiuscemodi
631 1152 783 1216 dedecora
812 1152 903 1214 malis
924 1151 1053 1234 proeliis
1078 1152 1124 1214 ita
1145 1152 1283 1235 perculsi
1305 1153 1371 1217 fue-

234 1255 320 1334 runt,
343 1255 380 1315 ut
400 1253 439 1315 ad
467 1253 606 1335 primum
633 1252 826 1316 Parthorum
855 1256 1060 1335 conspectum
1082 1256 1175 1337 terga
1197 1256 1370 1336 verterent,

232 1354 325 1417 tubas
348 1354 439 1437 quasi
460 1353 558 1438 fugae
581 1354 710 1437 signum
734 1355 880 1418 canentis
908 1353 1085 1417 audirent³.
1130 1354 1269 1418 Tantam
1290 1356 1372 1418 mili-

232 1454 312 1518 taris
334 1454 523 1538 disciplinae
546 1456 650 1519 labem
673 1455 822 1537 coercuit,
847 1455 1004 1518 industria
1026 1478 1083 1519 sua
1106 1456 1146 1519 ad
1167 1456 1370 1521 militandum

233 1557 378 1640 exemplo
405 1556 611 1640 proposital¹
653 1556 779 1620 Primus
813 1557 881 1639 ipse
909 1557 944 1619 in
972 1557 1101 1641 agmine
1128 1557 1217 1621 haud
1245 1559 1370 1641 saepius

233 1679 311 1740 equo
334 1657 407 1721 vehi
435 1680 529 1741 quam
557 1658 691 1741 pedibus
718 1659 844 1722 fatisci:
873 1661 941 1721 tam
968 1657 1066 1721 solem
1095 1660 1249 1721 torridum
1275 1660 1370 1723 facile

231 1779 327 1841 quam
349 1758 433 1822 dicm
462 1781 608 1823 serenum
635 1759 733 1824 ferre:
762 1760 926 1843 puluerem
954 1760 1134 1823 confertum
1160 1782 1218 1843 pro
1246 1762 1370 1825 nebulis

231 1860 314 1942 pati:
338 1860 484 1924 sudorem
505 1861 540 1924 in
563 1860 669 1943 armis,
694 1864 731 1924 ut
751 1862 786 1924 in
801 1860 942 1942 ludicris
966 1861 1097 1944 insuper
1117 1860 1251 1926 habere:
1275 1867 1371 1947 caput

232 1961 397 2043 apertum²
420 1962 478 2024 soli
502 1965 534 2025 et
560 1962 715 2025 imbribus
738 1965 770 2026 et
792 1961 943 2046 grandini
966 1965 999 2025 ct
1020 1962 1147 2026 nivibus
1172 1985 1275 2047 neque
1303 1986 1369 2029 cor-

226 2062 308 2142 pus³
337 2062 486 2126 adversus
509 2061 574 2126 tela
600 2071 646 2125 mt
678 2063 759 2125 itum
786 2064 954 2146 praebere:
990 2064 1173 2146 spectandis
1200 2065 1236 2127 in
1258 2087 1371 2149 campo

230 2163 385 2227 militibus
411 2186 541 2247 operam
569 2164 654 2246 dare,
685 2167 717 2227 et
746 2186 859 2249 aegros
887 2165 1089 2229 intervisere:
1118 2188 1183 2229 non
1210 2166 1370 2230 incuriose

231 2286 287 2346 per
309 2265 446 2329 militum
476 2265 686 2329 contubernia
707 2266 862 2347 transire3
891 2267 945 2329 sed
967 2266 1051 2330 forte
1073 2270 1197 2333 temere
1219 2266 1370 2350 Syrorum

230 2366 404 2431 munditias
419 2367 647 2449 introspicere⁴
670 2366 911 2431 Pannoniorum
926 2351 1087 2431 inscitias:
1111 2369 1148 2430 de
1165 2368 1251 2432 cultu
1268 2370 1369 2433 cuius·

230 2489 289 2550 que
318 2468 484 2552 ingenium
513 2469 694 2532 arbitrarib.
741 2468 817 2532 Sero
846 2470 915 2552 ipso
942 2472 1015 2552 post
1037 2469 1142 2533 decisa
1169 2471 1300 2554 negotia
1325 2470 1369 2533 la-

230 2570 331 2632 vari⁵:
360 2591 471 2633 mensa
500 2571 621 2652 sobria,
656 2570 742 2633 victu
774 2572 809 2633 in
838 2570 951 2633 castris
983 2571 1123 2653 plebeio:
1157 2572 1268 2633 vinum
1295 2573 1368 2656 loci,

230 2692 344 2754 aquam
376 2672 529 2754 temporis
561 2672 708 2735 bibere⁰:
750 2672 888 2755 primam
919 2672 1064 2756 vigiliam
1095 2672 1190 2736 facile
1224 2674 1367 2757 vigilare,

229 2776 424 2855 postremum
446 2774 631 2836 iamdudum
653 2773 838 2857 expergitus
853 2773 1006 2856 operiri⁰2
1028 2774 1136 2837 labore
1154 2775 1258 2858 magis
1274 2797 1370 2858 quam

229 2875 294 2937 otio
315 2874 446 2938 laetari:
476 2875 540 2937 otio
564 2876 604 2937 ad
625 2874 767 2938 laborem
790 2875 916 2937 abund:
946 2898 1045 2939 vacua
1072 2875 1264 2940 militaribus
1291 2880 1369 2940 tem-

228 2997 306 3058 pora
329 2958 474 3040 civilibus
502 2976 641 3060 negotiis
668 2997 834 3059 occupare.
886 2976 925 3040 ln
951 2977 1106 3059 paenuria
1133 2977 1240 3041 subita
1272 2977 1369 3042 ramis

228 3099 468 3161 nonnumquam
490 3080 522 3141 et
543 3077 711 3141 frondibus
726 3100 784 3160 pro
800 3077 997 3160 supellectile
1018 3099 1094 3140 usus
1112 3081 1169 3159 est,
1195 3080 1368 3162 caespitem

228 3179 389 3241 interdum
403 3182 440 3241 ut
453 3182 560 3242 tormn
581 3179 749 3243 incubans.
792 3177 945 3243 Somnum
968 3178 1053 3260 cepit
1075 3177 1182 3241 labore
1204 3183 1365 3263 paratum,

228 3300 293 3342 non
326 3279 454 3342 silentio
487 3281 695 3364 quaesitum&
735 3280 889 3343 Graviora
922 3278 1072 3366 [dc]mum
1100 3301 1246 3362 perverse
1279 3281 1367 3344 facta

228 3402 334 3459 severe
358 3380 593 3463 animadvertit,
617 3380 736 3445 leviora
751 3382 855 3445 sciens
877 3380 1103 3444 dissimulavit:
1132 3381 1236 3445 locum
1257 3383 1366 3465 paeni-

227 3482 315 3545 tendi
349 3482 487 3566 reliquit.
539 3482 623 3546 Nam
639 3482 665 3568 {⁷
682 3483 798 3547 delicta
832 3506 888 3546 sua
920 3483 1078 3566 plerique,
1117 3482 1192 3546 dum
1223 3483 1364 3568 ignorari

312 3685 329 3720 a
346 3672 379 3720 In
397 3675 522 3737 margine:
541 3668 636 3723 Tubas
655 3669 835 3722 -canentes
855 3671 901 3734 (ita
919 3670 986 3735 cod.)
1005 3668 1140 3722 audirent.

311 3752 329 3803 b
348 3755 523 3821 In'marpine:
541 3753 582 3806 De
602 3753 675 3805 cultu
693 3782 726 3791 —
744 3752 881 3806 arbitrari.

312 3840 376 3888 clu
394 3843 518 3906 murpine:
537 3837 640 3890 Vinum
653 3868 685 3876 -
703 3837 808 3890 bibere.

311 3919 329 3971 d
347 3925 379 3973 In
397 3927 521 3990 marpinc:
540 3921 648 3975 Labore
666 3949 700 3959 -
718 3920 804 3975 abuti.

312 4009 378 4058 eIn
395 4011 519 4073 marpine:
539 4005 671 4059 Somnum
688 4005 785 4059 labore
803 4011 933 4073 paratum
953 4036 983 4044 —
1004 4005 1167 4073 quaesitum.
1214 4018 1217 4025 ’

312 4162 324 4208 1
343 4155 443 4225 Incipit
461 4155 527 4211 Cod.
546 4175 573 4226 p.
593 4163 650 4212 257.

309 4247 324 4293 2
343 4240 525 4308 Praeceptum
547 4241 719 4294 Platonicum
742 4242 794 4296 hoc
818 4243 872 4308 est,
900 4242 1066 4297 observante
1083 4244 1243 4313 Hieronym.
1264 4262 1361 4302 comm.

225 4323 253 4377 in
270 4324 369 4379 Matth.
394 4324 413 4376 Ι.
441 4330 479 4380 10.
500 4331 538 4377 10.
576 4329 669 4380 Μαίης.
700 4325 884 4393 Hieronymus
906 4326 934 4378 in
952 4329 1045 4380 mente
1064 4327 1162 4381 habuit
1179 4329 1250 4384 Plat.
1274 4331 1362 4399 Legg.

224 4407 282 4462 XII.
303 4414 352 4462 942
370 4407 403 4460 D.

308 4502 323 4548 3
341 4491 475 4546 Excidere
493 4491 614 4561 quinque
632 4492 749 4549 litterae.

308 4583 324 4631 4
341 4576 455 4645 Aliquid
472 4575 517 4629 hic
534 4577 563 4628 in
581 4575 681 4631 Codice
699 4579 843 4632 turbatum
861 4596 920 4634 esse
939 4581 1065 4650 apparet.
1089 4579 1152 4634 Non
1170 4581 1269 4634 sufficit
1287 4585 1361 4649 quod

223 4661 312 4715 Maius
330 4661 496 4730 interposuit
514 4672 548 4718 et.
571 4661 746 4715 Heindorfius
762 4680 814 4732 pro
824 4669 895 4730 forte
907 4675 1000 4718 temere
1017 4665 1149 4734 proponit
1165 4672 1359 4733 properatura.

309 4753 324 4799 5
342 4745 409 4799 Cod.
427 4744 575 4799 videbatur
592 4744 697 4798 habere
715 4752 782 4800 lavat
800 4759 833 4801 et,
902 4781 905 4786 -

307 4828 553 4980 iIStiqriitidixCod
572 4932 599 4982 p.
620 4918 678 4979 256,
695 4912 723 4966 in
742 4930 797 4982 qua
812 4931 903 4983 pauca
921 4915 1052 4987 distingui
1068 4920 1191 4986 possunt.
