3300 6050
275 853 335 916 170
482 850 518 902 Μ.
532 849 701 904 CORNELII
718 848 926 904 FRONTONIS
944 849 1199 905 EPISTULARUM

336 1176 340 1194 ¹
452 1104 520 1170 IX.
567 1101 763 1189 (Antonino
785 1105 852 1170 Pio
875 1102 1037 1186 Augusto
1059 1105 1222 1189 Fronto.)

270 1309 276 1322 .
303 1308 310 1321 .
336 1308 342 1320 .
370 1308 376 1320 .
401 1258 586 1321 Amicorum
608 1278 750 1321 meorum
772 1259 851 1323 feeit
873 1259 1038 1340 modestia,
1061 1259 1179 1343 nequid
1201 1259 1335 1343 inprobe
1357 1282 1410 1342 pe-

268 1362 369 1423 terem
387 1409 1058 1424 .....................
1069 1360 1091 1443 3¹
1123 1359 1250 1443 Equitis
1271 1359 1411 1423 Romani-
1488 1356 1490 1360 ’

267 1461 362 1525 unius
386 1461 625 1525 contubernalis
647 1461 707 1524 mei
738 1459 840 1524 Sextii
862 1460 1046 1544 Calpurnii²
1075 1462 1267 1545 dignitatem
1294 1465 1409 1545 rogatu

266 1586 337 1627 meo
360 1564 523 1628 exornasti
545 1564 666 1627 duabus
688 1563 753 1626 iam
774 1564 1053 1647 procurationibus
1075 1563 1167 1645 datis.
1201 1562 1250 1626 Ea
1272 1584 1332 1646 ego
1355 1564 1408 1626 du-

268 1687 358 1728 arum
386 1665 647 1748 procurationum
675 1664 831 1728 beneficia
853 1667 966 1748 quater
993 1686 1141 1747 numer03
1174 1665 1224 1728 bis
1258 1687 1329 1729 eum
1357 1666 1408 1729 de-

267 1765 342 1829 disti
368 1768 625 1849 procurationes,
654 1767 793 1850 itemque
822 1766 871 1829 bis
902 1781 973 1829 cum
1000 1767 1220 1830 excusationes
1248 1767 1407 1850 recepisti.

258 1911 264 1922 ·
352 1866 535 1951 Supplicavi
551 1868 689 1932 tibi.iam
704 1889 762 1951 per
773 1868 938 1947 biennium
950 1889 1009 1951 pro
1024 1868 1195 1950 Appiano3
1210 1867 1311 1931 amico
1326 1890 1406 1951 meo,

267 1990 338 2032 cum
361 1991 422 2052 quo
445 1969 525 2032 mihi
548 1972 692 2032 etvetus
716 1970 910 2033 consuetudo
945 1972 978 2032 et
1006 1969 1184 2033 studiorum
1211 1992 1286 2033 usus
1309 1992 1407 2052 prope

268 2070 471 2154 quotidianus
494 2070 676 2135 intercedit.
722 2070 805 2145 Quin
832 2071 939 2154 ipsum
961 2093 1084 2155 quoque
1108 2074 1229 2135 certum
1251 2071 1353 2135 habeo
1376 2075 1408 2135 et

268 2172 436 2236 adfirmare
457 2172 559 2234 ausim
583 2173 693 2235 eadem
714 2173 870 2236 modestia
892 2194 1034 2254 usurum,
1058 2195 1120 2256 qua
1143 2171 1334 2255 Calpurnius
1356 2173 1407 2236 lu-

269 2274 375 2337 lianus
397 2294 486 2336 meus
508 2295 584 2336 usus
607 2276 670 2337 est:
708 2274 877 2358 dignitatis
904 2274 990 2339 enim
1018 2296 1093 2338 suae
1115 2275 1150 2338 in
1172 2277 1336 2337 senectute
1359 2297 1407 2337 or-

265 2375 391 2439 nandae
415 2396 526 2458 causa,
556 2397 623 2439 non
646 2376 820 2440 ambitione
843 2379 900 2438 aut
920 2377 1136 2459 procuratoris
1159 2376 1331 2459 stipendii⁴
1355 2398 1406 2440 cu-

264 2477 399 2560 piditate
433 2479 524 2560 optat
556 2477 690 2560 adipisci
724 2477 810 2542 hunc
844 2477 1007 2542 honorem.
1053 2477 1153 2543 Oum⁵
1185 2478 1323 2560 primum
1349 2499 1406 2560 pro

265 2578 416 2661 Appiano
438 2578 548 2661 petivi,
572 2579 618 2642 ita
639 2579 779 2662 benigne
795 2580 953 2644 admisisti
974 2601 1084 2664 preces
1099 2601 1196 2662 meas,
1221 2582 1258 2642 ut
1278 2600 1406 2662 sperare

265 2680 440 2744 deberemss.
490 2724 495 2732 x

348 2780 497 2844 Proximo
531 2781 693 2865 superiore
727 2803 813 2846 anno
847 2783 972 2866 petenti
999 2782 1079 2847 mihi
1112 2782 1270 2867 propitius
1304 2783 1406 2846 multa

265 2882 476 2966 respondisti:
513 2883 593 2947 illud
621 2905 696 2947 vero
724 2883 821 2947 ctiam
844 2885 992 2966 comiter,
1021 2885 1165 2948 futurum
1187 2887 1224 2947 ut
1246 2905 1318 2948 cum
1340 2885 1405 2968 Ap-

264 2983 372 3068 piano,
396 3005 446 3049 me
469 2989 615 3070 rogante,
639 2986 898 3069 procurationem
913 2987 1062 3070 dedisses,
1087 2985 1316 3051 causidicorum
1338 3009 1404 3051 sca-

266 3087 358 3151 tebra
380 3090 564 3152 exereretur
585 3088 670 3152 idem
690 3088 900 3171 petentiumr.
932 3088 1109 3152 Meministi
1131 3088 1229 3152 etiam
1251 3111 1344 3172 quem
1367 3090 1405 3152 de

209 3282 211 3285 y
265 3187 401 3253 Graecia
423 3188 581 3272 propitius
604 3191 636 3252 et
658 3189 765 3253 ridens
787 3189 1013 3253 nominaveris.

348 3290 409 3355 Sed
432 3292 534 3355 multa
557 3290 694 3355 distant:
728 3288 852 3377 [aeltas
876 3292 1009 3373 orbitas7
1035 3292 1086 3355 cui
1107 3291 1275 3355 leniendae
1299 3292 1404 3375 s[ola]-

264 3392 321 3456 ciis
336 3414 415 3477 opus
433 3395 491 3456 est.
521 3392 635 3457 Ausim
652 3393 789 3478 ildicere
805 3393 1011 3457 honestatem
1025 3415 1148 3477 quoque
1164 3395 1197 3456 et
1210 3392 1404 3477 probitatem

348 3662 365 3699 a
382 3650 560 3720 Iamarpine:
579 3646 623 3699 Ita
639 3644 761 3715 benigne
780 3677 811 3685 —
831 3646 969 3700 deberem.

348 3890 360 3937 1
379 3883 481 3952 Incipit
498 3881 564 3936 Cod.
583 3901 610 3951 p.
630 3888 687 3937 329.

347 3968 423 4023 rAd
446 3967 625 4036 Calpurnium
652 3969 693 4022 est
719 3966 762 4022 Pii
784 3967 950 4038 rescriptum
974 3967 1030 4036 dig.
1053 3967 1108 4020 XL.
1134 3972 1156 4019 l.
1180 3971 1203 4019 8.
1241 3966 1403 4035 Calpurnius

263 4053 378 4121 quidam
396 4052 554 4121 appellatur
572 4051 600 4105 in
619 4069 662 4121 ep.
678 4059 690 4105 1
710 4052 774 4105 libri
791 4053 817 4106 H
836 4052 872 4106 ad
888 4052 1004 4106 Verum:
1022 4051 1091 4106 item
1108 4051 1138 4104 in
1154 4051 1303 4106 Faustinae
1322 4052 1400 4121 epist.
1429 4067 1431 4071 ’

262 4136 309 4192 vit.
330 4136 405 4192 Cass.
426 4152 485 4205 cap.
507 4142 549 4189 10:
569 4135 688 4204 denique
705 4137 734 4191 in
753 4137 810 4191 vita
826 4136 915 4191 Marci
933 4154 991 4205 cap.
1011 4142 1036 4189 8.
1072 4139 1166 4190 Maius.

347 4229 362 4276 3
380 4220 523 4291 Appianus
540 4219 570 4274 in
586 4222 688 4289 praet:
707 4222 750 4276 τί(
762 4224 793 4276 δὲ
806 4224 848 4277 ὢν
860 4227 950 4276 ταῦτα
963 4223 1132 4288 ευνὲγραψα,
1151 4224 1252 4276 πολλοὶ
1266 4223 1315 4287 μὲν
1333 4223 1402 4277 tcum

262 4310 307 4361 καί
330 4307 417 4359 αὐτὸ(
441 4306 602 4373 προὲφηνα·
627 4307 799 4374 εαφὲετερον
822 4308 851 4359 δ’
871 4308 961 4361 εἰπεῖν
984 4306 1139 4360 Ἀππιανὸε
1158 4307 1355 4373 Ἀλεξανδρεὺς
1373 4308 1415 4360 ἐς·

261 4393 297 4445 τὰ
320 4395 421 4458 πρῶτα
444 4392 523 4456 ἥκων
547 4392 578 4444 ἐν
600 4396 636 4458 τῇ
665 4390 775 4458 πατρίδι
797 4394 843 4445 καὶ
865 4391 951 4444 δίκαι(
970 4391 1001 4444 ἐν
1019 4391 1113 4458 Ῥώμῃ
1132 4392 1334 4457 ευναγορεύεα(
1356 4392 1401 4444 ἐπὶ

261 4480 322 4529 τῶν
341 4476 489 4541 turritum,
509 4476 587 4542 μέχρι
605 4492 637 4541 με
657 4479 737 4542 (φῶν
755 4476 951 4543 ἐπιτροπεύειν
969 4474 1098 4540 bitoitus.

345 4565 362 4613 4
380 4558 484 4613 Codex:
503 4564 647 4627 stipendiis.
685 4558 814 4613 Orellius:
831 4564 1007 4627 procuratort'i
1022 4564 1151 4627 stipendii.

345 4650 361 4698 5
379 4643 445 4699 (lud.
463 4661 506 4712 pr.
525 4662 562 4696 m.
584 4647 669 4709 Quum.

346 4735 362 4781 6
380 4727 465 4782 Suum
484 4727 616 4783 causidici
633 4727 754 4783 officium
771 4728 800 4783 et
817 4727 1006 4798 procuratoris
1024 4727 1178 4799 augustalis
1196 4728 1333 4783 memorat
1345 4729 1400 4796 Ap-

261 4811 359 4883 pianus
377 4811 440 4867 hist.
459 4813 602 4883 prohoem.
622 4812 667 4866 fin.
704 4816 799 4869 Maius.

346 4904 360 4951 7
379 4895 479 4968 Incipit
497 4896 563 4952 eod.
586 4915 613 4967 p.
632 4902 690 4952 340.
