3300 6050
288 883 348 946 142
498 881 535 935 M.
549 879 718 935 CORNELII
734 880 942 935 FRONTONIS
960 880 1216 937 EPISTULARUM

286 1055 389 1115 terrae
411 1052 535 1115 litteras
557 1052 734 1135 missitare,
758 1053 869 1137 reges¹
895 1053 1094 1116 exterarum²
1121 1052 1268 1137 gentium
1291 1054 1426 1137 compel-

207 1196 210 1201 -
285 1154 367 1235 lare,
401 1154 558 1217 sociorum
588 1154 697 1236 culpas
726 1154 859 1217 edictis3
887 1175 1047 1236 coercere,
1081 1155 1252 1218 benefacta
1284 1154 1455 1239 laudare,-

286 1255 452 1318 seditiosos
477 1259 687 1348 compescere,
711 1256 833 1320 feroces
854 1256 1013 1320 territare.
1060 1256 1177 1319 Omnia
1197 1256 1261 1318 ista
1282 1254 1427 1339 profecto

284 1357 390 1420 verbis
420 1360 496 1420 sunt
525 1379 562 1420 ac
590 1357 706 1421 litteris
735 1358 871 1442 agenda.
916 1357 992 1422 Non
1020 1357 1143 1422 excoles
1166 1357 1267 1441 igitur
1288 1356 1321 1420 id
1344 1356 1427 1440 quod

284 1457 342 1521 tibi
366 1458 485 1521 totiens
512 1459 676 1543 tantisque
703 1462 738 1523 in
765 1461 860 1523 rebus
888 1459 995 1523 videas
1024 1474 1143 1543 magno
1164 1459 1236 1521 usui
1258 1457 1428 1522 futurum?

285 1559 340 1622 An
361 1559 445 1622 nihil
471 1559 590 1637 referre
618 1561 784 1625 arbitraris
812 1560 959 1644 qualibus
987 1560 1092 1624 verbis
1120 1581 1217 1644 agas,
1252 1582 1333 1643 quae
1361 1580 1427 1622 non

285 1660 346 1723 nisi
370 1661 475 1724 verbis
498 1664 551 1746 agi
573 1663 731 1746 possunt?
773 1662 883 1745 Erras,
915 1662 942 1725 si
964 1665 1059 1745 putas
1086 1662 1158 1744 pari
1181 1661 1371 1725 auctoritate
1392 1662 1427 1724 in

285 1765 400 1825 senatu
421 1762 490 1826 fore
513 1763 679 1840 Thersitae
702 1765 807 1828 verbis
831 1766 1051 1848 expromptam
1073 1762 1283 1845 sententiam,
1308 1764 1341 1826 et
1362 1763 1427 1825 Me-

285 1863 370 1927 nelai
400 1867 455 1927 aut
484 1863 572 1930 Ulixi
605 1866 814 1948 orationem,
853 1886 986 1949 quorum
1014 1864 1172 1928 Homerus
1200 1868 1232 1928 et
1258 1864 1365 1928 vultus
1393 1864 1428 1927 in

286 1965 411 2049 agendo
434 1971 466 2029 et
493 1965 622 2030 habitus
646 1971 678 2030 et
700 1970 803 2031 status
825 1971 857 2030 et
879 1988 972 2031 voces
998 1964 1157 2054 [calueras
1182 1988 1219 2030 ac
1241 1965 1427 2029 modulatio·

285 2088 363 2130 num
385 2054 589 2150 eloquentiae*
606 2089 726 2153 genera
749 2068 874 2132 diversa
895 2069 1033 2133 notavit⁴
1062 2069 1075 2109 b
1085 2116 1425 2131 ...........

247 2187 252 2195 ’
287 2219 829 2234 .................
841 2170 867 2253 t⁵
884 2219 1090 2233 .......
1128 2169 1302 2253 Quisquam
1325 2169 1428 2232 vereri

284 2273 405 2353 potest,
435 2293 529 2354 quem
551 2273 743 2336 inridentius
771 2293 867 2355 quam
889 2258 1051 2336 ⁴dictorum
1080 2268 1160 2357 [eius
1189 2293 1283 2334 causa
1310 2270 1426 2359 haud⁶]

287 2375 514 2456 contempserit
539 2422 812 2437 .........
839 2374 932 2436 lcum
954 2423 1160 2436 .......
1184 2395 1284 2457 magn
1302 2423 1308 2435 .
1328 2423 1334 2436 .
1360 2376 1428 2436 arte

245 2468 258 2475 ’
285 2476 393 2538 taceat
418 2524 424 2537 .
451 2524 457 2538 .
484 2526 490 2538 .
515 2476 619 2554 inquit
647 2497 688 2538 ne
716 2477 748 2537 te
776 2475 823 2537 rei
851 2475 916 2538 illis
938 2475 970 2538 vi
995 2524 1235 2537 ........
1260 2479 1333 2537 uter
1355 2495 1428 2538 con-

286 2577 436 2639 temnant
454 2627 685 2641 ........
693 2577 706 2617 ⁸
735 2575 838 2639 Nemo
858 2578 951 2639 tanta
975 2577 1165 2639 auctoritate
1188 2578 1247 2657 est,
1272 2575 1327 2658 qui
1348 2596 1426 2657 non,
1470 2647 1473 2651 .

287 2676 341 2739 ubi
363 2678 480 2760 peritia
502 2679 659 2760 deficitur,
684 2676 724 2739 ab
748 2699 784 2740 eo
807 2677 861 2760 qui
882 2678 1016 2760 peritior
1038 2681 1087 2740 est
1107 2678 1326 2760 despiciatur.
1353 2727 1358 2739 .
1387 2727 1392 2739 .
1420 2727 1426 2739 .
1495 2718 1497 2722 ι

289 2777 369 2841 ...⁹
394 2779 552 2844 medebor.
580 2783 735 2844 temnor.
763 2829 768 2839 .
861 2799 960 2862 gypso
983 2828 1156 2842 ......
1180 2779 1292 2843 mersit
1314 2827 1426 2840 .....

287 2879 393 2943 ¹⁰Tibi
414 2882 508 2944 tanta
531 2881 713 2965 eloquentia
735 2883 829 2963 parta
852 2883 915 2964 est,
944 2902 1026 2963 quae
1049 2881 1089 2943 ad
1110 2880 1237 2943 laudem
1259 2880 1357 2943 etiam
1379 2901 1429 2942 su-

286 3073 488 3081 ————

370 3204 387 3240 a
406 3191 438 3239 ln
456 3191 581 3253 mancine:
600 3186 663 3240 Non
675 3186 760 3240 talem
777 3185 944 3241 auctoritate
962 3184 1109 3239 Thersitae
1127 3186 1170 3238 est
1187 3185 1353 3253 exprompta
1370 3201 1429 3238 sen·
1510 3180 1514 3186 ’

285 3271 376 3326 tentia
394 3288 478 3338 quam
495 3270 614 3325 Menelai
632 3273 681 3325 aut
698 3270 785 3324 Ulixis
804 3272 902 3325 oratio.

371 3356 389 3409 b
409 3360 442 3409 In
460 3362 584 3424 nrarpr'ne:
608 3354 684 3419 duae
703 3372 747 3409 res
765 3356 963 3409 auctoritatem
980 3359 1161 3414 sententiarum
1177 3353 1332 3407 imminuat.

373 3584 385 3631 1
404 3577 449 3631 Ita
467 3576 568 3632 Codex.

372 3662 559 3731 aPerperam·
579 3659 681 3714 Maius:
712 3667 779 3728 repes
797 3672 947 3714 ceterarum.
982 3658 1077 3713 Prima
1096 3657 1193 3712 littera
1211 3657 1338 3711 vocabuli
1354 3660 1430 3725 repes

287 3748 344 3801 fere
363 3747 482 3801 evanuit.

372 3839 388 3887 3
405 3832 557 3900 Perperam
574 3829 677 3884 Maius:
696 3834 778 3884 dietis.

372 3924 388 3969 4
406 3917 450 3970 lta
468 3932 530 3975 cum
541 3913 702 3968 Heindorfio
719 3912 817 3979 Maius,
837 3912 884 3981 qui
901 3914 996 3966 tamen
1013 3913 1043 3965 in
1055 3910 1155 3965 Codice
1173 3911 1267 3965 videre
1286 3910 1339 3963 sibi
1356 3910 1431 3964 visus

289 4002 343 4055 est:
363 4021 412 4055 non
431 4005 547 4068 denique.
584 3995 701 4067 supplet
717 3995 905 4051 Heindorfius:
931 4002 1047 4065 Denique
1064 4000 1207 4064 principum
1224 4000 1299 4049 eliam
1317 4001 1429 4049 auctori·

290 4096 365 4139 tatem
383 4089 517 4153 eloquendi
533 4089 619 4137 minuit
637 4088 745 4136 inscitia.

373 4175 389 4223 5
408 4167 538 4235 Sequitur
556 4166 622 4221 Cod.
642 4184 669 4236 p.
689 4173 750 4234 395,
777 4182 849 4234 quae
866 4165 973 4220 interiit
990 4167 1105 4235 praeter
1122 4181 1168 4231 ea,
1191 4180 1262 4231 qnae
1280 4162 1385 4217 amicus
1402 4164 1431 4216 in

289 4252 414 4322 margine
432 4253 527 4320 legere
544 4250 645 4321 potuit.
1130 4251 1135 4262 “

374 4343 389 4390 6
409 4335 638 4405 supplementum
656 4335 735 4402 Maii,
754 4336 829 4403 quod
846 4336 941 4389 tamen
958 4350 1015 4396 non
1034 4333 1163 4388 convenit
1181 4350 1244 4387 cum
1260 4331 1385 4401 vestigiis
1401 4331 1431 4384 in

290 4421 399 4477 Codice.

375 4512 389 4560 7
409 4503 489 4569 Quod
507 4505 631 4571 sequitur
648 4504 751 4573 legitur
768 4503 870 4558 inimo
889 4503 1024 4571 margine.

374 4591 439 4645 8In
456 4608 563 4644 summo
581 4590 708 4659 margine
727 4589 871 4644 columnae
890 4588 1012 4641 alterius.
1048 4587 1241 4641 Berolinenses
1265 4582 1312 4653 qni
1329 4580 1433 4639 nescie-

289 4676 359 4730 bant
375 4674 445 4728 haec
463 4674 556 4728 omnia
573 4692 588 4729 e
606 4673 733 4742 margine
752 4674 879 4727 desumta
891 4689 958 4739 esse,
977 4670 1123 4726 fallacibus
1142 4670 1307 4725 coniecturis
1326 4670 1375 4725 sed
1392 4671 1432 4723 in·

293 4758 413 4829 geniosis
430 4758 524 4813 lacera
541 4759 702 4829 fragmenta
720 4757 957 4813 consarcinanmt.

374 4850 390 4897 9
407 4844 439 4897 In
455 4843 512 4897 imo
529 4843 665 4913 margine.

361 4934 391 4985 10
408 4928 484 4983 Haec
502 4928 693 4997 apparuerunt
708 4926 737 4980 in
754 4927 842 4981 textu.
928 4983 930 4987 ,
