3300 6050
459 860 508 914 An
526 860 563 913 11.
581 859 802 914 unromnun
819 859 867 912 ua
886 857 1137 913 oanrromssus.
1308 855 1368 920 155

228 1037 261 1097 et
283 1033 317 1095 in
340 1032 492 1105 lacerata.
537 1031 619 1094 Item
642 1052 696 1094 vos
721 1080 727 1092 .
754 1079 760 1092 .
786 1080 791 1092 .
836 1028 950 1093 ¹Nuno
972 1049 1031 1112 ego
1055 1027 1199 1092 consulto
1221 1027 1256 1089 in
1278 1026 1368 1089 fabu-

227 1135 267 1197 lis
290 1134 387 1196 finem
409 1133 511 1215 faeie,
535 1135 581 1214 ut,
606 1132 697 1216 siqua
719 1131 823 1194 aerius
846 1131 1045 1212 dictasunt,
1070 1129 1229 1213 permixta
1250 1127 1368 1191 fabulis

228 1235 424 1299 molliantur.

621 1334 665 1397 M.
689 1331 981 1396 FRONTONIS
1063 1425 1069 1436 θ

449 1945 518 2026 (Μ.
542 1945 813 2027 CORNELII
835 1932 1156 2028 FllONTONlS

249 2054 254 2059 ·
333 2116 398 2189 AD
425 2117 473 2188 M.
501 2114 790 2188 ANTONINUM
815 2115 879 2188 DE
906 2111 1270 2207 ORATIONIBUSt)

521 2278 716 2367 (Antonino
738 2278 900 2362 Augusto
922 2281 1085 2364 Fronto.)

236 2468 375 2483 .....
386 2418 410 2501 13
437 2439 540 2501 pauoa
567 2417 755 2480 subnectam
783 2417 921 2481 fortasse
954 2419 1082 2501 inepta,
1118 2418 1238 2501 iniqua.
1288 2417 1373 2481 Nam

233 2519 344 2584 rusus⁴
365 2519 440 2583 faxo
462 2518 653 2604 magistrum
674 2541 724 2583 me
747 2519 922 2602 experiare.
958 2518 1070 2602 Neque
1092 2519 1224 2603 ignoras
1246 2540 1374 2581 onmem

233 2621 337 2685 hano5
355 2621 581 2705 magistrorum
603 2643 719 2683 vanam
741 2621 970 2704 propemodum
992 2624 1025 2684 et
1039 2620 1188 2683 stolidam
1204 2642 1281 2684 esse.
1314 2620 1373 2683 Pa-

232 2746 304 2786 rum
326 2722 525 2805 eloquentiae
534 2724 556 2804 ⁶,
581 2725 613 2785 et
636 2722 812 2804 sapientiae
835 2722 945 2785 nihil⁷.
984 2722 1080 2786 Feres
1102 2722 1246 2805 profecto
1269 2722 1373 2785 bonaS

233 2825 326 2888 venia
347 2828 489 2888 veterem
511 2826 703 2906 potestatem
725 2827 757 2887 et
779 2845 898 2887 nomen
919 2825 1066 2908 magistri
1091 2845 1142 2888 me
1164 2827 1374 2908 usurpantem

233 2927 346 2989 denuo.
815 2926 819 2931 ’

317 3027 432 3091 Fateor
462 3028 562 3108 enim,
591 3027 675 3109 quod
697 3049 747 3091 res
775 3032 843 3110 est,
873 3051 971 3091 unam
994 3028 1093 3091 solam
1121 3051 1213 3111 posse
1245 3050 1374 3092 oausam

233 3130 389 3209 incidere,
414 3150 477 3211 qua
500 3149 595 3190 eausa
619 3126 764 3191 claudati
786 3128 987 3212 aliquantum
1010 3151 1099 3192 amor
1121 3151 1199 3212 erga
1213 3132 1246 3191 te
1267 3150 1373 3191 meus:

234 3230 260 3291 si
284 3227 496 3312 eloquentiam
522 3229 687 3312 neglegas.
718 3229 882 3314 Neglegas
903 3234 1013 3293 tamen
1035 3251 1110 3293 vero
1131 3230 1237 3313 potius
1261 3251 1374 3293 censeo

233 3352 329 3414 quarn
356 3351 453 3413 prave
481 3328 617 3393 excolas,
669 3329 844 3395 Confusam
874 3352 944 3393 eam
973 3352 1033 3415 ego
1061 3330 1291 3414 eloquentiam,
1322 3353 1372 3393 oa-

233 3431 447 3496 taohannae¹⁰
462 3432 541 3513 ritu,
566 3430 685 3514 partim
699 3422 837 3516 igneiss¹
853 3433 990 3496 nuoibus
1005 3432 1153 3514 CatoniS,
1180 3432 1298 3515 partim
1321 3432 1373 3495 Se-

233 3555 331 3601 necae
353 3532 501 3597 mollibus
518 3536 550 3597 et
563 3532 763 3597 febriculosis
778 3534 944 3618 prunuleis
960 3535 1103 3617 insitam,
1127 3533 1374 3598 subvertendam

320 3810 333 3857 1
353 3803 475 3870 Sequens
492 3797 630 3857 sententia
647 3802 750 3872 legitur
771 3803 801 3856 in
819 3804 953 3872 margine.

319 3894 334 3941 2
353 3887 439 3941 Tituli
455 3888 532 3941 nulla
549 3890 694 3942 remanent
711 3888 838 3957 vestigia.

318 3972 451 4040 3lnoipit
469 3971 535 4026 Cod.
553 3990 581 4041 p.
600 3979 677 4027 382.-

318 4062 334 4109 4
353 4055 419 4110 Cod.
439 4073 491 4109 seo.
511 4074 546 4110 m.
566 4077 663 4110 rursus.
1044 4082 1046 4087 ·

318 4147 335 4194 5
351 4140 461 4193 Excidit
479 4140 689 4194 substantivum.
722 4141 810 4196 Maius
829 4144 939 4212 supplet
956 4149 1060 4199 turbam.
1096 4144 1283 4197 Heindorfius:
1306 4149 1375 4198 ordi-

234 4246 288 4278 nem
305 4230 370 4278 1111110
391 4231 566 4292 mapistrorum
583 4245 671 4278 varrum
682 4256 715 4263 -
728 4237 753 4278 et
770 4234 887 4282 stolidum
904 4248 968 4284 esse.
993 4228 1121 4283 Orellius:
1141 4235 1266 4283 nationem
1278 4250 1373 4283 vunan.

319 4315 334 4362 6
353 4308 457 4363 Codex:
479 4315 629 4379 eloquentia.
665 4310 802 4379 Hauptius
821 4311 895 4366 delet
913 4325 946 4366 et.

320 4392 475 4448 llmitatio
494 4393 628 4460 Sallustii,
647 4395 678 4447 ut
696 4393 814 4463 saepius.

319 4477 420 4531 aeod.
439 4496 482 4546 pr.
500 4494 535 4531 m.
556 4482 646 4533 duona.
751 4499 754 4501 ⁷

319 4562 406 4615 llPro
425 4568 556 4620 claudicet.
581 4568 687 4618 ‘Maius

303 4653 334 4699 10
352 4645 419 4700 eod.
438 4651 604 4700 catalaunos.
638 4647 712 4702 Vera
730 4649 868 4718 scriptura
884 4648 914 4702 in
932 4652 1066 4718 margine,
1085 4650 1132 4704 ubi
1147 4648 1315 4705 uocabulum
1333 4669 1374 4705 re-

234 4731 347 4799 petitur.
374 4731 406 4783 of.
427 4731 463 4784 ad
480 4731 516 4784 M.
537 4730 614 4786 Caes.
628 4732 662 4784 ΙΙ.
679 4737 718 4784 14.
740 4732 879 4802 Hauptins
896 4734 1003 4788 scribit:
1023 4735 1227 4790 Confusaneam
1244 4757 1290 4805 epo
1308 4743 1372 4806 eloq.

304 4821 333 4867 ll
352 4816 396 4868 Ita
413 4814 513 4869 Codex.
539 4814 736 4870 Buttmannus:
759 4824 858 4886 liparis.
883 4818 914 4872 Ο.
933 4819 1045 4873 Iahnius
1062 4822 1091 4873 in
1108 4821 1177 4874 Mus.
1197 4821 1286 4875 Rhen.
1308 4827 1373 4876 1845

235 4917 261 4966 p.
283 4904 331 4952 156
347 4897 504 4968 ingeniose:
528 4906 636 4969 ilipneis.
662 4901 837 4956 ,1111111111
857 4901 984 4957 Orellius.
