3300 6050
275 879 326 924 Xll
709 857 989 910 Pnonnuounnn.

274 1031 420 1094 Pertinet
448 1030 606 1112 scriptura
634 1031 674 1092 ad
702 1029 784 1092 sexti
811 1029 931 1092 saeculi
953 1029 1098 1110 initium3
1127 1029 1220 1092 hodie
1248 1053 1417 1113 possmnus

273 1133 357 1216 apud
378 1130 632 1214 palaeographos
655 1131 819 1214 complura
841 1131 1018 1213 specimina
1044 1132 1151 1196 videre
1173 1135 1317 1194 veterum
1340 1134 1416 1195 scri·

271 1237 448 1317 pturarum,
473 1254 607 1315 quarum
630 1235 718 1296 actas
741 1233 861 1316 liquido
884 1235 1028 1315 constat3
1051 1234 1092 1295 ad
1106 1256 1185 1316 quas
1208 1234 1235 1296 si
1258 1234 1329 1316 quis
1352 1235 1416 1297 exi-

271 1338 329 1419 gat
358 1335 475 1398 codicis
496 1334 673 1418 imaginem
694 1356 791 1417 quam
812 1333 916 1397 Maius
938 1335 1041 1415 dedit,
1071 1334 1192 1398 videbit
1213 1357 1324 1398 verum
1346 1359 1415 1399 esse

270 1437 303 1499 id
325 1437 409 1519 quod
431 1436 507 1499 dixi,
552 1435 702 1498 Proxima
725 1436 764 1498 ad
786 1436 983 1499 Frontonem
1005 1436 1128 1499 accedit
1149 1437 1309 1519 scriptura
1331 1437 1414 1500 Livi-

271 1539 324 1601 ani
354 1538 471 1601 codicis
504 1537 558 1620 qui
586 1537 804 1622 Vindobonae
825 1540 883 1600 est.
939 1538 1044 1601 Orosii
1080 1539 1177 1601 codex
1209 1537 1414 1602 Florentinus

271 1640 367 1723 paulo
389 1640 548 1702 recentior
570 1643 628 1721 est,
652 1640 736 1722 quod
751 1639 999 1703 maiuscularrmr
1015 1641 1196 1703 litterarum
1211 1644 1343 1704 ornatus
1365 1642 1413 1704 in-

271 1740 372 1823 dicat,
408 1745 519 1825 estque
549 1744 698 1805 exaratus
724 1742 860 1824 septimo
888 1743 1024 1805 saeculo.
1075 1742 1192 1804 Itidem
1220 1743 1260 1805 ad
1288 1747 1413 1806 sextum

156 1913 159 1919 ¹
271 1843 433 1906 saeculum
447 1843 612 1926 pertinent
627 1843 823 1906 Graecarum
837 1843 1020 1906 litterarum
1034 1847 1166 1925 formae,
1183 1867 1260 1907 nam
1275 1845 1412 1927 septimo

271 1945 336 2007 iam
357 1944 484 2008 saeculo
510 1946 668 2028 prodeunt
690 1948 842 2008 accentus
864 1948 897 2008 et
918 1946 1067 2028 spiritus,
1092 1946 1207 2028 quibus
1229 1949 1339 2009 noster
1362 1969 1412 2009 ca-

271 2050 331 2109 ret,
371 2045 536 2109 Vocabula
559 2047 804 2111 continuantur:
827 2047 861 2109 id
882 2068 957 2110 vero
980 2047 1143 2131 singulare
1166 2048 1232 2128 est,
1256 2048 1340 2130 quod
1363 2070 1413 2110 co-

270 2147 349 2210 dicis
372 2149 558 2212 emendator
579 2149 722 2211 membra
744 2149 900 2212 orationis
922 2148 1071 2228 distinxit
1092 2151 1213 2232 puncto
1236 2171 1343 2212 crasso
1364 2171 1411 2212 re-

271 2271 366 2313 curro
388 2250 542 2333 superiori
569 2251 716 2314 vocabuli
744 2251 830 2332 parti
859 2251 1035 2332 adscripto,
1070 2272 1167 2332 quam
1194 2250 1411 2314 distinctionis

269 2354 380 2414 uotam
402 2353 550 2435 agnoscit
571 2352 750 2415 Diomedes.
787 2352 827 2414 ln
850 2352 981 2415 Graecis
1003 2351 1094 2414 nulla
1115 2351 1279 2415 distinctio
1301 2353 1411 2436 deprc-
1530 2411 1542 2436 ,

269 2451 430 2515 henditur.
474 2453 573 2515 lnitio
601 2456 634 2516 et
654 2456 719 2516 fine
741 2453 894 2515 librorum
917 2452 1030 2516 titulus
1053 2452 1204 2515 scribitur
1225 2453 1411 2517 maiusculis

269 2555 450 2617 uncialibus
471 2553 602 2636 litteris3
625 2577 690 2617 non
713 2555 874 2617 adduntur
895 2558 1004 2617 tamen
1025 2554 1180 2617 solemnia
1201 2555 1264 2618 ista
1285 2562 1411 2634 explicit
1506 2599 1509 2605 ,

269 2659 302 2718 et
316 2662 432 2734 incipit.
463 2654 585 2730 Quibus
599 2655 780 2718 litterarum
800 2656 913 2719 formis
935 2655 1083 2718 librarius
1105 2656 1193 2718 verbi
1217 2678 1313 2719 causa
1335 2680 1410 2720 usus

269 2756 374 2820 estin
396 2756 526 2841 Virgilii
550 2757 710 2821 celebrato
740 2758 847 2821 codice
872 2756 1065 2838 Veronensi,
1096 2780 1158 2840 quo
1181 2757 1255 2820 Gaii
1277 2758 1409 2822 Institu-

237 2903 239 2908 ·
268 2859 371 2923 tiones
395 2858 611 2941 eontinentur,
636 2859 696 2922 hae
719 2862 893 2942 supersunt
907 2860 941 2922 iu
957 2859 1170 2922 Frontoniani
1195 2860 1311 2922 codicis
1332 2862 1411 2924 titu-

268 2961 318 3043 lis,
341 2961 397 3025 sed
418 2961 453 3022 in
475 2964 567 3025 textu
588 2962 711 3045 species
734 2961 858 3025 diversa
881 2963 940 3023 est.
984 2959 1045 3040 Est
1066 2959 1127 3025 hoc
1148 2961 1302 3025 indicium
1325 2962 1407 3026 cocliss

268 3085 340 3126 curn
361 3063 457 3146 paulo
479 3064 585 3127 minus
599 3067 812 3145 vetustorum,
837 3064 864 3126 si
879 3062 966 3126 tituli
981 3064 1104 3126 exarati
1126 3062 1409 3146 deprehenduntur

267 3164 330 3227 alio
351 3165 532 3228 litterarum
554 3186 672 3249 genere
694 3169 789 3248 atquc
812 3167 919 3228 textus
940 3165 1020 3247 ipse.
1059 3163 1231 3247 Singulare
1254 3169 1303 3228 est
1325 3167 1409 3248 quod

265 3267 300 3329 in
322 3267 423 3330 altero
444 3267 526 3329 libro
556 3267 596 3329 ad
617 3265 661 3329 M.
687 3266 858 3331 Caesarem
878 3266 982 3330 textui
1004 3267 1239 3349 superscriptus
1261 3270 1311 3330 est
1332 3268 1407 3330 titu-

265 3368 325 3451 lus,
349 3369 478 3452 paginis
500 3368 600 3432 versis
615 3367 748 3432 EPIST.
766 3368 828 3431 AD
843 3367 900 3451 M„
925 3363 1021 3431 rectis
1036 3389 1112 3430 vero
1128 3366 1247 3432 Onus,
1264 3368 1346 3431 LIB.
1363 3368 1405 3431 ΙΙ.

265 3470 483 3553 Epistolarum
513 3470 673 3533 clausulae
701 3492 797 3553 saepe
825 3470 1065 3553 angustioribus
1087 3469 1231 3531 versibus
1253 3473 1286 3532 et
1307 3470 1408 3532 mino-

234 3571 237 3573 ’
265 3572 353 3633 ribus
375 3571 491 3634 litteris
513 3572 653 3653 scriptae
668 3575 758 3634 sunt:
782 3572 887 3634 Maius
910 3570 1091 3651 suspicatur
1112 3569 1170 3631 has
1193 3570 1351 3659 clausulas
1372 3570 1408 3633 in

266 3672 344 3755 ipsis
373 3671 581 3755 autographis
609 3694 706 3735 manu
728 3673 859 3756 propria
888 3675 983 3754 atque
1005 3671 1076 3734 ideo
1097 3670 1322 3734 minutioribus
1343 3672 1408 3733 for-

264 3774 326 3837 mis
355 3775 395 3837 ab
423 3774 630 3855 epistolarum
652 3774 835 3837 auctoribus
863 3772 996 3855 adpingi
1023 3772 1122 3835 fuisse
1150 3772 1275 3835 solitas:
1313 3794 1407 3855 quem

265 3875 379 3939 deinde
401 3897 521 3939 morem
544 3898 754 3939 amanuenses
769 3876 918 3958 religiose
933 3874 1108 3936 tenuerint.
1139 3873 1287 3936 Fortasse
1302 3873 1407 3936 Maius

267 3978 432 4061 cogitabat
453 3977 577 4041 illustre
593 3977 774 4060 exemplum
788 3976 881 4040 Pauli
898 3975 1056 4058 Apostoli,
1081 3976 1136 4038 sed
1158 3975 1335 4037 notandum
1358 3978 1407 4038 est

265 4077 461 4141 Frontonem
474 4082 510 4142 et
524 4078 567 4142 M.
584 4080 763 4161 Gaesarem,
788 4078 877 4141 cuius
893 4078 939 4140 rei
955 4098 1049 4159 saepe
1071 4077 1109 4140 fit
1131 4076 1250 4139 diserta
1271 4076 1404 4158 mentio,

264 4180 449 4264 plerumque
477 4202 536 4243 sua
562 4203 660 4244 manu
688 4180 865 4262 scripsisse.
908 4178 1019 4241 Novae
1041 4178 1221 4241 sententiae
1244 4178 1407 4260 incipiunt

266 4306 285 4346 a
311 4282 424 4363 littera¹
448 4281 544 4365 paulo
571 4282 701 4363 maiore,
730 4304 796 4344 non
818 4281 943 4343 diversa
964 4302 983 4342 a
1006 4280 1119 4343 ceteris
1126 4330 1135 4361 ,
1159 4292 1250 4343 extra
1271 4278 1406 4341 lineam:

265 4405 336 4447 eam
364 4384 552 4446 divisionem
586 4384 621 4447 in
649 4383 788 4446 editione
816 4382 988 4466 diligenter
1014 4382 1147 4462 retinui,
1188 4381 1215 4442 si
1243 4380 1297 4463 qui
1322 4380 1406 4442 forte

264 4484 359 4549 huius
381 4486 428 4548 rei
450 4507 526 4548 usus
549 4507 617 4547 esse
639 4484 808 4547 videbitur.
849 4484 1054 4566 Compendia‚
1078 4485 1114 4545 ut
1135 4482 1170 4544 in
1193 4482 1325 4563 antiquo
1348 4481 1406 4545 Oo-

265 4587 350 4669 dice7
373 4610 448 4650 rara
469 4590 555 4649 sunt.
601 4585 760 4649 Scribitur
780 4593 813 4669 q'
829 4609 887 4670 pro
908 4609 980 4667 que,
1005 4584 1044 4646 B'
1067 4605 1126 4667 pro
1141 4589 1210 4658 bus,
1235 4581 1322 4644 IMP.
1346 4604 1405 4665 pro

264 4695 446 4767 imperatum
473 4691 641 4772 praeterea
668 4690 878 4770 praenomina
904 4710 969 4750 una
990 4686 1100 4749 littera
1121 4683 1320 4764 indicantm‚
1350 4684 1405 4747 secl

265 4789 328 4853 alia
356 4812 441 4852 nunc
469 4811 535 4852 non
565 4790 776 4853 commemini,
826 4789 990 4852 Librarius
1023 4786 1101 4850 satis
1136 4787 1303 4847 aceruatus
1329 4785 1403 4865 fuit,

265 4890 363 4953 etiam
384 4890 419 4954 in
436 4890 581 4956 Graecis:
605 4891 706 4954 multo
728 4891 885 4954 maximus
908 4910 1050 4952 errorum
1071 4906 1223 4950 numerus
1245 4884 1331 4947 Maio
1353 4885 1404 4950 de-
