3300 6050
610 872 659 924 An
677 871 810 926 AMICOS
828 871 936 926 LIBER
953 873 986 925 ll.
1309 872 1371 935 201

205 1064 206 1067 ’
232 1042 431 1128 eloquentiae
454 1043 583 1106 nomine
611 1046 696 1106 recte
718 1046 890 1127 patronum
912 1043 1001 1105 vobis
1027 1042 1178 1124 feceritis,
1208 1045 1240 1104 et
1267 1042 1372 1125 ipsum

232 1149 360 1209 nostrae
389 1144 573 1228 provinciae
603 1148 635 1208 et
658 1145 796 1208 civitatis
824 1165 890 1206 non
920 1143 1126 1228 longinquae.
1172 1142 1295 1206 Horum
1318 1165 1372 1225 pa·

231 1250 397 1312 tronorum
418 1267 485 1314 non
505 1246 713 1310 mediocrium
1400 1255 1402 1259 ·

678 1421 680 1424 ,
720 1345 779 1410 Un
805 1396 811 1408 .
838 1395 845 1408 .
868 1344 1114 1410 IUODFRIN'F

584 1447 601 1512 Ι
625 1497 632 1511 .
656 1447 728 1516 not
754 1496 926 1510 ......
951 1445 1056 1512 SOOC

178 1933 181 1937 ι
233 1853 383 1917 adversus
412 1876 479 1916 rem
510 1904 516 1917 .
543 1856 569 1916 .¹
594 1854 730 1918 nolint.
756 1903 763 1916 .
790 1853 818 1917 .²
846 1853 950 1917 dicam
977 1853 1079 1936 quoad
1108 1855 1197 1917 aetas
1229 1851 1308 1916 mihi
1341 1856 1374 1916 et

233 1955 380 2018 valetudo
403 1955 531 2040 integra
552 1955 615 2019 fuit
635 1954 834 2019 NEGOTIA
858 2003 1064 2017 .......

636 2054 756 2131 QUAE
781 2101 1055 2118 .........
1161 2116 1165 2122 .

639 2156 752 2222 SUNT
777 2207 783 2220 .
810 2206 817 2220 .
844 2206 851 2220 .
877 2207 883 2220 .
909 2154 1005 2220 ALIS

638 2257 866 2323 STAETATE
891 2306 1371 2322 ...................

233 2361 418 2445 coloratam?
444 2363 588 2425 nostram
620 2359 816 2449 [forensium]
852 2363 885 2423 et
912 2358 1073 2423 iuniorum
1105 2359 1272 2442 praesidiis
1306 2381 1373 2424 csse

233 2463 412 2527 fundatam.
436 2533 439 2537 ,
463 2462 532 2526 Nec
563 2513 570 2526 .
596 2463 628 2526 .⁴
656 2484 732 2526 nere
767 2464 906 2546 quantus
935 2512 942 2525 .
969 2511 976 2524 .
1005 2463 1117 2524 nostra
1147 2509 1154 2523 .
1180 2511 1187 2524 .
1214 2462 1242 2524 .⁵
1270 2461 1375 2525 virum

233 2564 419 2648 popularem
440 2564 624 2649 habeamus,
654 2568 686 2628 et
707 2563 809 2628 virum
839 2563 1037 2628 consularem
1064 2563 1114 2626 ius
1142 2563 1305 2646 publicum
1326 2586 1374 2627 re-

234 2666 454 2748 spondentem.
485 2666 556 2751 Ego
579 2688 713 2751 quoque,
737 2669 773 2729 ut
787 2676 898 2750 spere,
922 2665 1026 2748 quoad
1049 2663 1164 2728 aetatis
1186 2665 1234 2728 vis
1257 2664 1372 2749 viguit,

233 2769 268 2830 in
290 2767 404 2832 officiis
434 2768 580 2832 civilibus
607 2790 674 2832 non
702 2769 834 2832 obscure
861 2769 1006 2831 versatus
1032 2788 1111 2830 sum.
1157 2765 1223 2829 Alii
1250 2789 1374 2851 quoque

233 2868 362 2951 plurimi
390 2874 465 2933 sunt
492 2870 527 2933 in
557 2872 671 2933 senatu
699 2869 860 2935 Cirtenses
884 2868 1052 2933 clarissimi
1074 2867 1145 2931 viri.
1191 2859 1374 2932 Postremus

235 2973 283 3033 est
304 2969 406 3034 honor
427 2971 595 3055 maximus,
624 2973 690 3035 tres
718 2971 816 3036 vestri
840 2970 954 3054 cives⁶,
980 3020 987 3035 .
1014 3021 1020 3035 .
1047 3021 1054 3035 .
1079 2970 1133 3035 sed
1158 2969 1256 3035 etiam
1278 2992 1374 3035 suave

235 3071 301 3134 est⁷
326 3120 333 3133 .
359 3121 365 3134 .
392 3121 398 3134 .
423 3075 494 3135 uter
516 3072 597 3155 quo8
621 3122 628 3135 .
654 3122 661 3135 .
687 3122 694 3135 .
721 3122 727 3135 .
752 3073 808 3136 sed
835 3093 892 3135 vos
910 3072 1032 3136 'melius
1060 3059 1109 3137 est
1130 3073 1195 3136 iarn
1217 3095 1304 3136 nunc
1326 3073 1373 3136 in-

233 3171 378 3235 terdum9
403 3221 542 3237 .....
567 3172 756 3256 quantum¹⁰
781 3222 1221 3237 ..............
1229 3206 1254 3237 ·.
1281 3225 1287 3237 .

199 3366 202 3373 ’
234 3373 460 3446 mond.ibid.1n
477 3377 546 3442 not.)
574 3373 628 3428 dtei
649 3375 818 3429 sectatorem
840 3374 925 3429 Festi.
961 3373 1044 3439 Secta
1065 3376 1159 3430 autem
1181 3374 1258 3429 Festi
1275 3375 1373 3429 cadem

234 3459 292 3512 fere
311 3475 381 3526 quae
399 3458 556 3513 Frontonis.
592 3463 686 3512 Maius.
1333 3454 1335 3456 ’

321 3542 456 3612 lSupple
474 3543 597 3597 verbum.
629 3548 723 3597 Maius.

319 3634 333 3680 2
353 3626 456 3696 Supple
475 3628 544 3682 duos
561 3638 657 3683 versus
677 3646 698 3683 c.
719 3629 829 3684 duabus
846 3627 900 3683 litt.

319 3719 334 3765 3
351 3712 453 3781 Incipit
470 3711 536 3767 cod.
554 3730 582 3781 p.
599 3718 662 3779 305,
680 3713 876 3767 obscurissima
899 3730 983 3780 quam
1000 3730 1056 3766 non
1073 3713 1191 3768 contulit
1208 3713 1321 3768 amicus.
1341 3745 1373 3752 -—

235 3794 311 3850 Cirta
329 3795 437 3851 colonia
454 3796 507 3851 fuit
525 3799 688 3866 cognomine
707 3797 896 3852 Sittianorum.
933 3801 1030 3855 Maius:

318 3886 334 3932 4
353 3880 456 3949 Supple
474 3881 543 3934 duas
562 3881 670 3936 circiter
687 3881 804 3949 litteras,
822 3883 942 3936 fortasse
958 3902 1060 3951 penore.
1082 3887 1192 3937 'Maius

322 3972 337 4019 5
354 3966 467 4020 Lacuna
483 3982 613 4019 versuum
631 3968 717 4021 ferme
734 3966 807 4020 VIII.
839 3972 935 4022 Maius.

322 4049 467 4103 ssLacuna
484 4066 613 4103 versuum
631 4051 703 4108 XIII.
739 4056 834 4108 Maius.

320 4140 334 4187 7
354 4132 457 4201 Supple
476 4134 530 4188 duo
548 4135 642 4188 verba.
679 4139 773 4189 Maias.

320 4224 335 4271 8
354 4215 457 4285 Supple
475 4218 590 4271 verbum
608 4236 700 4273 unum.
733 4223 829 4277 Maius.

318 4300 457 4369 osopple
474 4302 590 4355 verbum
607 4320 699 4357 unum.
732 4307 827 4359 Maius.

303 4391 334 4439 10
351 4384 422 4437 Exin
434 4384 471 4439 ad
483 4384 542 4439 lolii
560 4402 647 4453 usque
665 4387 749 4441 finem
767 4388 910 4444 obscurati
922 4391 986 4443 sunt
997 4405 1094 4443 versus
1107 4390 1247 4456 quattuor.
1276 4392 1372 4443 Maius.

653 4680 955 4687 *ᾐ-
