<?xml version="1.0" encoding="UTF-8"?>
<!DOCTYPE html PUBLIC "-//W3C//DTD XHTML 1.0 Transitional//EN"
    "http://www.w3.org/TR/xhtml1/DTD/xhtml1-transitional.dtd">
<html xmlns="http://www.w3.org/1999/xhtml" xml:lang="en" lang="en">
 <head>
  <title>
</title>
<meta http-equiv="Content-Type" content="text/html;charset=utf-8" />
  <meta name='ocr-system' content='tesseract 3.04.00' />
  <meta name='ocr-capabilities' content='ocr_page ocr_carea ocr_par ocr_line ocrx_word'/>
</head>
<body>
  <div class='ocr_page' id='page_1' title='image "./mcorneliifronto00frongoog/mcorneliifronto00frongoog_0127.png"; bbox 0 0 3300 6050; ppageno 0'>
   <div class='ocr_carea' id='block_1_1' title="bbox 483 861 1414 928">
    <p class='ocr_par' dir='ltr' id='par_1_1' title="bbox 483 861 1414 928">
     <span class='ocr_line' id='line_1_1' title="bbox 483 861 1414 928; baseline -0.008 -7"><span class='ocrx_word' id='word_1_1' title='bbox 483 867 531 921; x_wconf 80' lang='lat' dir='ltr'>AD</span> <span class='ocrx_word' id='word_1_2' title='bbox 549 867 585 921; x_wconf 91' lang='lat' dir='ltr'>M.</span> <span class='ocrx_word' id='word_1_3' title='bbox 600 865 792 920; x_wconf 78' lang='lat' dir='ltr'>CAESAREM</span> <span class='ocrx_word' id='word_1_4' title='bbox 809 865 856 918; x_wconf 84' lang='lat' dir='ltr'>ET</span> <span class='ocrx_word' id='word_1_5' title='bbox 875 861 1027 918; x_wconf 84' lang='lat' dir='ltr'>INVICEM</span> <span class='ocrx_word' id='word_1_6' title='bbox 1043 862 1151 917; x_wconf 82' lang='lat' dir='ltr'><strong>LIBER</strong></span> <span class='ocrx_word' id='word_1_7' title='bbox 1168 862 1201 915; x_wconf 93' lang='lat' dir='ltr'>V.</span> <span class='ocrx_word' id='word_1_8' title='bbox 1374 863 1414 928; x_wconf 81' lang='grc'>87</span> 
     </span>
    </p>
   </div>
   <div class='ocr_carea' id='block_1_2' title="bbox 558 1029 1126 1109">
    <p class='ocr_par' dir='ltr' id='par_1_2' title="bbox 558 1029 1126 1109">
     <span class='ocr_line' id='line_1_2' title="bbox 558 1029 1126 1109; baseline -0.011 -4"><span class='ocrx_word' id='word_1_9' title='bbox 558 1036 752 1105; x_wconf 82' lang='grc' dir='ltr'><strong>ΧΧΧ1ΙΙ.</strong></span> <span class='ocrx_word' id='word_1_10' title='bbox 776 1036 832 1101; x_wconf 72' lang='grc'>52.</span> <span class='ocrx_word' id='word_1_11' title='bbox 847 1102 850 1109; x_wconf 74' lang='grc'><em>,</em></span> <span class='ocrx_word' id='word_1_12' title='bbox 865 1029 1016 1102; x_wconf 80' lang='grc'><strong>1155155</strong></span> <span class='ocrx_word' id='word_1_13' title='bbox 1037 1034 1126 1101; x_wconf 88' lang='grc'><strong>1155.</strong></span> 
     </span>
    </p>
   </div>
   <div class='ocr_carea' id='block_1_3' title="bbox 267 1154 1425 1945">
    <p class='ocr_par' dir='ltr' id='par_1_3' title="bbox 267 1154 1425 1945">
     <span class='ocr_line' id='line_1_3' title="bbox 355 1154 1425 1241; baseline -0.004 -20"><span class='ocrx_word' id='word_1_14' title='bbox 355 1158 504 1221; x_wconf 88' lang='lat' dir='ltr'>Aridelus</span> <span class='ocrx_word' id='word_1_15' title='bbox 526 1159 597 1241; x_wconf 81' lang='lat' dir='ltr'>iste,</span> <span class='ocrx_word' id='word_1_16' title='bbox 622 1157 676 1241; x_wconf 92' lang='lat' dir='ltr'>qui</span> <span class='ocrx_word' id='word_1_17' title='bbox 698 1157 757 1220; x_wconf 88' lang='lat' dir='ltr'>tibi</span> <span class='ocrx_word' id='word_1_18' title='bbox 779 1156 904 1220; x_wconf 74' lang='lat' dir='ltr'>litteras</span> <span class='ocrx_word' id='word_1_19' title='bbox 927 1177 1012 1218; x_wconf 89' lang='lat' dir='ltr'>meas</span> <span class='ocrx_word' id='word_1_20' title='bbox 1035 1154 1149 1237; x_wconf 76' lang='lat' dir='ltr'>reddit,</span> <span class='ocrx_word' id='word_1_21' title='bbox 1174 1155 1345 1238; x_wconf 87' lang='lat' dir='ltr'>apueritia</span> <span class='ocrx_word' id='word_1_22' title='bbox 1362 1178 1425 1219; x_wconf 30' lang='lat' dir='ltr'>mes</span> 
     </span>
     <span class='ocr_line' id='line_1_4' title="bbox 272 1256 1412 1343; baseline -0.003 -19"><span class='ocrx_word' id='word_1_23' title='bbox 272 1260 395 1324; x_wconf 86' lang='lat' dir='ltr'>curavit</span> <span class='ocrx_word' id='word_1_24' title='bbox 423 1282 441 1322; x_wconf 89' lang='lat' dir='ltr'>a</span> <span class='ocrx_word' id='word_1_25' title='bbox 471 1259 575 1323; x_wconf 92' lang='lat' dir='ltr'>studio</span> <span class='ocrx_word' id='word_1_26' title='bbox 603 1259 768 1343; x_wconf 81' lang='lat' dir='ltr'>perdicum</span> <span class='ocrx_word' id='word_1_27' title='bbox 796 1280 895 1342; x_wconf 89' lang='lat' dir='ltr'>usque</span> <span class='ocrx_word' id='word_1_28' title='bbox 926 1257 965 1320; x_wconf 89' lang='lat' dir='ltr'>ad</span> <span class='ocrx_word' id='word_1_29' title='bbox 993 1257 1076 1320; x_wconf 89' lang='lat' dir='ltr'>seria</span> <span class='ocrx_word' id='word_1_30' title='bbox 1103 1256 1219 1320; x_wconf 75' lang='lat' dir='ltr'>officia.</span> <span class='ocrx_word' id='word_1_31' title='bbox 1264 1257 1412 1322; x_wconf 88' lang='lat' dir='ltr'>Libertus</span> 
     </span>
     <span class='ocr_line' id='line_1_5' title="bbox 270 1358 1412 1445; baseline -0.004 -19"><span class='ocrx_word' id='word_1_32' title='bbox 270 1365 376 1426; x_wconf 86' lang='lat' dir='ltr'>vester</span> <span class='ocrx_word' id='word_1_33' title='bbox 397 1365 461 1444; x_wconf 82' lang='lat' dir='ltr'>est3</span> <span class='ocrx_word' id='word_1_34' title='bbox 483 1361 686 1445; x_wconf 73' lang='lat' dir='ltr'>procuravit&#39;</span> <span class='ocrx_word' id='word_1_35' title='bbox 709 1360 798 1425; x_wconf 85' lang='lat' dir='ltr'>vobis</span> <span class='ocrx_word' id='word_1_36' title='bbox 820 1358 993 1440; x_wconf 81' lang='lat' dir='ltr'>industrie3</span> <span class='ocrx_word' id='word_1_37' title='bbox 1023 1360 1072 1421; x_wconf 90' lang='lat' dir='ltr'>est</span> <span class='ocrx_word' id='word_1_38' title='bbox 1100 1358 1186 1421; x_wconf 87' lang='lat' dir='ltr'>enim</span> <span class='ocrx_word' id='word_1_39' title='bbox 1208 1358 1303 1422; x_wconf 91' lang='lat' dir='ltr'>homo</span> <span class='ocrx_word' id='word_1_40' title='bbox 1324 1361 1412 1444; x_wconf 81' lang='lat' dir='ltr'>frugi</span> 
     </span>
     <span class='ocr_line' id='line_1_6' title="bbox 270 1460 1411 1546; baseline -0.002 -19"><span class='ocrx_word' id='word_1_41' title='bbox 270 1467 302 1527; x_wconf 91' lang='lat' dir='ltr'>et</span> <span class='ocrx_word' id='word_1_42' title='bbox 324 1463 447 1527; x_wconf 87' lang='lat' dir='ltr'>sobrius</span> <span class='ocrx_word' id='word_1_43' title='bbox 470 1467 502 1526; x_wconf 88' lang='lat' dir='ltr'>et</span> <span class='ocrx_word' id='word_1_44' title='bbox 525 1484 597 1526; x_wconf 81' lang='lat' dir='ltr'>acer</span> <span class='ocrx_word' id='word_1_45' title='bbox 620 1465 652 1525; x_wconf 91' lang='lat' dir='ltr'>et</span> <span class='ocrx_word' id='word_1_46' title='bbox 674 1463 820 1546; x_wconf 83' lang='lat' dir='ltr'>diligens</span> <span class='ocrx_word' id='word_1_47' title='bbox 866 1460 954 1524; x_wconf 90' lang='lat' dir='ltr'>Petit</span> <span class='ocrx_word' id='word_1_48' title='bbox 979 1482 1067 1523; x_wconf 87' lang='lat' dir='ltr'>nuno</span> <span class='ocrx_word' id='word_1_49' title='bbox 1088 1463 1344 1543; x_wconf 82' lang='lat' dir='ltr'>procurationem</span> <span class='ocrx_word' id='word_1_50' title='bbox 1373 1486 1411 1525; x_wconf 84' lang='lat' dir='ltr'>ex</span> 
     </span>
     <span class='ocr_line' id='line_1_7' title="bbox 268 1561 1412 1647; baseline -0.001 -19"><span class='ocrx_word' id='word_1_51' title='bbox 268 1567 390 1628; x_wconf 79' lang='lat' dir='ltr'>forma²</span> <span class='ocrx_word' id='word_1_52' title='bbox 413 1587 469 1628; x_wconf 88' lang='lat' dir='ltr'>suo</span> <span class='ocrx_word' id='word_1_53' title='bbox 491 1564 560 1629; x_wconf 87' lang='lat' dir='ltr'>loeo</span> <span class='ocrx_word' id='word_1_54' title='bbox 587 1586 624 1628; x_wconf 86' lang='lat' dir='ltr'>ae</span> <span class='ocrx_word' id='word_1_55' title='bbox 645 1564 729 1628; x_wconf 88' lang='lat' dir='ltr'>iusto</span> <span class='ocrx_word' id='word_1_56' title='bbox 751 1567 905 1647; x_wconf 88' lang='lat' dir='ltr'>tempore.</span> <span class='ocrx_word' id='word_1_57' title='bbox 950 1561 1069 1626; x_wconf 84' lang='lat' dir='ltr'>Faveto</span> <span class='ocrx_word' id='word_1_58' title='bbox 1092 1562 1131 1644; x_wconf 79' lang='lat' dir='ltr'>ei,</span> <span class='ocrx_word' id='word_1_59' title='bbox 1156 1561 1303 1646; x_wconf 74' lang='lat' dir='ltr'>Domine,</span> <span class='ocrx_word' id='word_1_60' title='bbox 1328 1566 1412 1647; x_wconf 90' lang='lat' dir='ltr'>quod</span> 
     </span>
     <span class='ocr_line' id='line_1_8' title="bbox 268 1663 1411 1750; baseline -0.001 -20"><span class='ocrx_word' id='word_1_61' title='bbox 268 1667 397 1750; x_wconf 88' lang='lat' dir='ltr'>poteris.</span> <span class='ocrx_word' id='word_1_62' title='bbox 443 1666 476 1731; x_wconf 75' lang='lat' dir='ltr'>Si</span> <span class='ocrx_word' id='word_1_63' title='bbox 498 1668 635 1730; x_wconf 87' lang='lat' dir='ltr'>formam</span> <span class='ocrx_word' id='word_1_64' title='bbox 662 1688 728 1730; x_wconf 89' lang='lat' dir='ltr'>non</span> <span class='ocrx_word' id='word_1_65' title='bbox 758 1687 930 1750; x_wconf 79' lang='lat' dir='ltr'><strong>cognosces</strong></span> <span class='ocrx_word' id='word_1_66' title='bbox 958 1663 1107 1746; x_wconf 78' lang='lat' dir='ltr'>hominis,</span> <span class='ocrx_word' id='word_1_67' title='bbox 1142 1663 1198 1728; x_wconf 89' lang='lat' dir='ltr'>ubi</span> <span class='ocrx_word' id='word_1_68' title='bbox 1227 1666 1267 1728; x_wconf 88' lang='lat' dir='ltr'>ad</span> <span class='ocrx_word' id='word_1_69' title='bbox 1293 1687 1411 1729; x_wconf 91' lang='lat' dir='ltr'>nomen</span> 
     </span>
     <span class='ocr_line' id='line_1_9' title="bbox 268 1766 1409 1851; baseline 0.003 -21"><span class='ocrx_word' id='word_1_70' title='bbox 268 1768 392 1832; x_wconf 82' lang='lat' dir='ltr'>Arideli</span> <span class='ocrx_word' id='word_1_71' title='bbox 420 1772 550 1833; x_wconf 90' lang='lat' dir='ltr'>ventum</span> <span class='ocrx_word' id='word_1_72' title='bbox 576 1770 685 1851; x_wconf 85' lang='lat' dir='ltr'>fuerit,</span> <span class='ocrx_word' id='word_1_73' title='bbox 719 1770 881 1831; x_wconf 91' lang='lat' dir='ltr'>memento</span> <span class='ocrx_word' id='word_1_74' title='bbox 914 1766 961 1829; x_wconf 70' lang='lat' dir='ltr'>a³r</span> <span class='ocrx_word' id='word_1_75' title='bbox 980 1789 1031 1830; x_wconf 91' lang='lat' dir='ltr'>me</span> <span class='ocrx_word' id='word_1_76' title='bbox 1055 1766 1116 1830; x_wconf 87' lang='lat' dir='ltr'>tibi</span> <span class='ocrx_word' id='word_1_77' title='bbox 1138 1766 1305 1830; x_wconf 80' lang='lat' dir='ltr'><strong>Aridelum</strong></span> <span class='ocrx_word' id='word_1_78' title='bbox 1328 1790 1409 1832; x_wconf 87' lang='lat' dir='ltr'>eom-</span> 
     </span>
     <span class='ocr_line' id='line_1_10' title="bbox 267 1869 1312 1945; baseline 0 -12"><span class='ocrx_word' id='word_1_79' title='bbox 267 1870 462 1934; x_wconf 88' lang='lat' dir='ltr'>mendatum.</span> <span class='ocrx_word' id='word_1_80' title='bbox 507 1869 588 1934; x_wconf 89' lang='lat' dir='ltr'>Vale</span> <span class='ocrx_word' id='word_1_81' title='bbox 610 1870 746 1933; x_wconf 83' lang='lat' dir='ltr'>Domine</span> <span class='ocrx_word' id='word_1_82' title='bbox 769 1869 960 1945; x_wconf 73' lang='lat' dir='ltr'>dulcissime.</span> <span class='ocrx_word' id='word_1_83' title='bbox 1006 1869 1177 1932; x_wconf 83' lang='lat' dir='ltr'>Dominam</span> <span class='ocrx_word' id='word_1_84' title='bbox 1199 1869 1312 1933; x_wconf 87' lang='lat' dir='ltr'>saluta.</span> 
     </span>
    </p>
   </div>
   <div class='ocr_carea' id='block_1_4' title="bbox 542 2021 1131 2089">
    <p class='ocr_par' dir='ltr' id='par_1_4' title="bbox 542 2021 1131 2089">
     <span class='ocr_line' id='line_1_11' title="bbox 542 2021 1131 2089; baseline -0.005 0"><span class='ocrx_word' id='word_1_85' title='bbox 542 2022 757 2089; x_wconf 86' lang='lat' dir='ltr'>XXXVIII.</span> <span class='ocrx_word' id='word_1_86' title='bbox 781 2021 837 2088; x_wconf 82' lang='grc'>53.</span> <span class='ocrx_word' id='word_1_87' title='bbox 870 2022 1022 2088; x_wconf 83' lang='lat' dir='ltr'>Domino</span> <span class='ocrx_word' id='word_1_88' title='bbox 1043 2021 1131 2088; x_wconf 89' lang='grc'><strong>1155.</strong></span> 
     </span>
    </p>
   </div>
   <div class='ocr_carea' id='block_1_5' title="bbox 247 2141 1453 2633">
    <p class='ocr_par' dir='ltr' id='par_1_5' title="bbox 247 2141 1453 2633">
     <span class='ocr_line' id='line_1_12' title="bbox 350 2141 1453 2225; baseline 0.001 -19"><span class='ocrx_word' id='word_1_89' title='bbox 350 2141 468 2206; x_wconf 83' lang='lat' dir='ltr'>Utrum</span> <span class='ocrx_word' id='word_1_90' title='bbox 489 2142 569 2205; x_wconf 83' lang='lat' dir='ltr'>faeti</span> <span class='ocrx_word' id='word_1_91' title='bbox 592 2141 691 2205; x_wconf 87' lang='lat' dir='ltr'>virtus</span> <span class='ocrx_word' id='word_1_92' title='bbox 719 2143 881 2206; x_wconf 87' lang='lat' dir='ltr'>ornaverit</span> <span class='ocrx_word' id='word_1_93' title='bbox 909 2142 1102 2223; x_wconf 79' lang='lat' dir='ltr'>orationem,</span> <span class='ocrx_word' id='word_1_94' title='bbox 1134 2165 1175 2205; x_wconf 85' lang='lat' dir='ltr'>an</span> <span class='ocrx_word' id='word_1_95' title='bbox 1193 2142 1215 2225; x_wconf 68' lang='lat' dir='ltr'>l⁴</span> <span class='ocrx_word' id='word_1_96' title='bbox 1231 2143 1333 2206; x_wconf 86' lang='lat' dir='ltr'>oratio</span> <span class='ocrx_word' id='word_1_97' title='bbox 1360 2144 1407 2207; x_wconf 87' lang='lat' dir='ltr'>fa·</span> <span class='ocrx_word' id='word_1_98' title='bbox 1449 2145 1453 2150; x_wconf 77' lang='grc'><strong>’</strong></span> 
     </span>
     <span class='ocr_line' id='line_1_13' title="bbox 266 2242 1407 2328; baseline 0 -20"><span class='ocrx_word' id='word_1_99' title='bbox 266 2247 353 2308; x_wconf 88' lang='grc'><strong>5555</strong></span> <span class='ocrx_word' id='word_1_100' title='bbox 367 2244 601 2308; x_wconf 90' lang='lat' dir='ltr'>nobilissimum</span> <span class='ocrx_word' id='word_1_101' title='bbox 617 2244 880 2328; x_wconf 79' lang='lat' dir='ltr'>aequiperarent,</span> <span class='ocrx_word' id='word_1_102' title='bbox 893 2242 1035 2308; x_wconf 85' lang='lat' dir='ltr'>incertus</span> <span class='ocrx_word' id='word_1_103' title='bbox 1051 2256 1155 2306; x_wconf 63' lang='lat' dir='ltr'>surm:</span> <span class='ocrx_word' id='word_1_104' title='bbox 1180 2247 1264 2307; x_wconf 89' lang='lat' dir='ltr'>oerte</span> <span class='ocrx_word' id='word_1_105' title='bbox 1280 2245 1407 2328; x_wconf 89' lang='lat' dir='ltr'>quidem</span> 
     </span>
     <span class='ocr_line' id='line_1_14' title="bbox 264 2345 1406 2427; baseline 0.002 -19"><span class='ocrx_word' id='word_1_106' title='bbox 264 2346 404 2409; x_wconf 88' lang='lat' dir='ltr'>eiusdem</span> <span class='ocrx_word' id='word_1_107' title='bbox 431 2345 526 2427; x_wconf 81' lang='lat' dir='ltr'>dieta,</span> <span class='ocrx_word' id='word_1_108' title='bbox 553 2346 640 2412; x_wconf 87' lang='lat' dir='ltr'>ouius</span> <span class='ocrx_word' id='word_1_109' title='bbox 662 2345 718 2408; x_wconf 90' lang='lat' dir='ltr'>illa</span> <span class='ocrx_word' id='word_1_110' title='bbox 739 2346 837 2409; x_wconf 87' lang='lat' dir='ltr'>faeta.</span> <span class='ocrx_word' id='word_1_111' title='bbox 883 2345 945 2409; x_wconf 81' lang='lat' dir='ltr'>Sed</span> <span class='ocrx_word' id='word_1_112' title='bbox 974 2348 1006 2409; x_wconf 91' lang='lat' dir='ltr'>et</span> <span class='ocrx_word' id='word_1_113' title='bbox 1027 2345 1137 2409; x_wconf 84' lang='lat' dir='ltr'>fratris</span> <span class='ocrx_word' id='word_1_114' title='bbox 1158 2347 1207 2408; x_wconf 89' lang='lat' dir='ltr'>tui</span> <span class='ocrx_word' id='word_1_115' title='bbox 1229 2347 1330 2409; x_wconf 89' lang='lat' dir='ltr'>oratio</span> <span class='ocrx_word' id='word_1_116' title='bbox 1356 2369 1406 2411; x_wconf 91' lang='lat' dir='ltr'>me</span> 
     </span>
     <span class='ocr_line' id='line_1_15' title="bbox 264 2447 1405 2512; baseline 0.003 -3"><span class='ocrx_word' id='word_1_117' title='bbox 264 2447 451 2511; x_wconf 82' lang='lat' dir='ltr'>delectavit:</span> <span class='ocrx_word' id='word_1_118' title='bbox 479 2470 555 2510; x_wconf 86' lang='lat' dir='ltr'>nam</span> <span class='ocrx_word' id='word_1_119' title='bbox 585 2451 617 2511; x_wconf 86' lang='lat' dir='ltr'>et</span> <span class='ocrx_word' id='word_1_120' title='bbox 644 2451 759 2510; x_wconf 89' lang='lat' dir='ltr'>ornata</span> <span class='ocrx_word' id='word_1_121' title='bbox 780 2447 844 2510; x_wconf 86' lang='lat' dir='ltr'>fuit</span> <span class='ocrx_word' id='word_1_122' title='bbox 867 2450 899 2510; x_wconf 94' lang='lat' dir='ltr'>et</span> <span class='ocrx_word' id='word_1_123' title='bbox 922 2447 1065 2510; x_wconf 83' lang='lat' dir='ltr'>cordata:</span> <span class='ocrx_word' id='word_1_124' title='bbox 1094 2451 1127 2510; x_wconf 92' lang='lat' dir='ltr'>et</span> <span class='ocrx_word' id='word_1_125' title='bbox 1155 2451 1277 2511; x_wconf 85' lang='lat' dir='ltr'>eertum</span> <span class='ocrx_word' id='word_1_126' title='bbox 1303 2448 1405 2512; x_wconf 89' lang='lat' dir='ltr'>habeo</span> 
     </span>
     <span class='ocr_line' id='line_1_16' title="bbox 247 2548 1126 2633; baseline -0.001 -21"><span class='ocrx_word' id='word_1_127' title='bbox 247 2570 335 2612; x_wconf 87' lang='lat' dir='ltr'>eum</span> <span class='ocrx_word' id='word_1_128' title='bbox 356 2548 524 2613; x_wconf 87' lang='lat' dir='ltr'>minimum</span> <span class='ocrx_word' id='word_1_129' title='bbox 546 2550 642 2633; x_wconf 86' lang='lat' dir='ltr'>spatii</span> <span class='ocrx_word' id='word_1_130' title='bbox 664 2549 813 2613; x_wconf 85' lang='lat' dir='ltr'>habuisse</span> <span class='ocrx_word' id='word_1_131' title='bbox 837 2549 877 2612; x_wconf 89' lang='lat' dir='ltr'>ad</span> <span class='ocrx_word' id='word_1_132' title='bbox 898 2548 1126 2612; x_wconf 85' lang='lat' dir='ltr'>meditandum.</span> 
     </span>
    </p>
   </div>
   <div class='ocr_carea' id='block_1_6' title="bbox 562 2701 1096 2785">
    <p class='ocr_par' dir='ltr' id='par_1_6' title="bbox 562 2701 1096 2785">
     <span class='ocr_line' id='line_1_17' title="bbox 562 2701 1096 2785; baseline -0.002 -18"><span class='ocrx_word' id='word_1_133' title='bbox 562 2701 741 2768; x_wconf 84' lang='lat' dir='ltr'>XXXIX.</span> <span class='ocrx_word' id='word_1_134' title='bbox 765 2702 822 2767; x_wconf 82' lang='lat'>54.</span> <span class='ocrx_word' id='word_1_135' title='bbox 853 2702 1096 2785; x_wconf 83' lang='lat' dir='ltr'>Resoriptum.</span> 
     </span>
    </p>
   </div>
   <div class='ocr_carea' id='block_1_7' title="bbox 257 2821 1484 3519">
    <p class='ocr_par' dir='ltr' id='par_1_7' title="bbox 257 2821 1484 3519">
     <span class='ocr_line' id='line_1_18' title="bbox 345 2821 1404 2907; baseline 0.003 -23"><span class='ocrx_word' id='word_1_136' title='bbox 345 2821 503 2900; x_wconf 83' lang='lat' dir='ltr'>Reversus</span> <span class='ocrx_word' id='word_1_137' title='bbox 527 2844 545 2885; x_wconf 88' lang='lat' dir='ltr'>a</span> <span class='ocrx_word' id='word_1_138' title='bbox 568 2821 712 2885; x_wconf 84' lang='lat' dir='ltr'>convivio</span> <span class='ocrx_word' id='word_1_139' title='bbox 735 2823 836 2906; x_wconf 87' lang='lat' dir='ltr'>patris</span> <span class='ocrx_word' id='word_1_140' title='bbox 858 2821 1002 2885; x_wconf 90' lang='lat' dir='ltr'>libellum</span> <span class='ocrx_word' id='word_1_141' title='bbox 1023 2824 1114 2885; x_wconf 92' lang='lat' dir='ltr'>tuum</span> <span class='ocrx_word' id='word_1_142' title='bbox 1130 2825 1249 2907; x_wconf 76' lang='lat' dir='ltr'>accepi,</span> <span class='ocrx_word' id='word_1_143' title='bbox 1274 2824 1404 2887; x_wconf 91' lang='lat' dir='ltr'>dimisso</span> 
     </span>
     <span class='ocr_line' id='line_1_19' title="bbox 260 2923 1403 3011; baseline 0.003 -26"><span class='ocrx_word' id='word_1_144' title='bbox 260 2923 335 3004; x_wconf 78' lang='lat' dir='ltr'>iam,</span> <span class='ocrx_word' id='word_1_145' title='bbox 359 2926 396 2986; x_wconf 87' lang='lat' dir='ltr'>ut</span> <span class='ocrx_word' id='word_1_146' title='bbox 419 2944 586 3007; x_wconf 78' lang='lat' dir='ltr'>cognosco,</span> <span class='ocrx_word' id='word_1_147' title='bbox 612 2946 648 2987; x_wconf 92' lang='lat' dir='ltr'>eo</span> <span class='ocrx_word' id='word_1_148' title='bbox 670 2946 727 3008; x_wconf 89' lang='lat' dir='ltr'>per</span> <span class='ocrx_word' id='word_1_149' title='bbox 749 2946 844 3007; x_wconf 91' lang='lat' dir='ltr'>quem</span> <span class='ocrx_word' id='word_1_150' title='bbox 865 2925 971 2987; x_wconf 87' lang='lat' dir='ltr'>fuerat</span> <span class='ocrx_word' id='word_1_151' title='bbox 993 2923 1118 2988; x_wconf 87' lang='lat' dir='ltr'>allatus.</span> <span class='ocrx_word' id='word_1_152' title='bbox 1164 2925 1318 2989; x_wconf 81' lang='lat' dir='ltr'>Rescribe</span> <span class='ocrx_word' id='word_1_153' title='bbox 1343 2927 1403 3011; x_wconf 81' lang='lat' dir='ltr'>igi-</span> 
     </span>
     <span class='ocr_line' id='line_1_20' title="bbox 259 3027 1484 3111; baseline 0.004 -23"><span class='ocrx_word' id='word_1_154' title='bbox 259 3028 312 3088; x_wconf 91' lang='lat' dir='ltr'>tur</span> <span class='ocrx_word' id='word_1_155' title='bbox 345 3048 476 3109; x_wconf 88' lang='lat' dir='ltr'>vespera</span> <span class='ocrx_word' id='word_1_156' title='bbox 504 3027 605 3090; x_wconf 89' lang='lat' dir='ltr'>multa</span> <span class='ocrx_word' id='word_1_157' title='bbox 638 3027 722 3110; x_wconf 86' lang='lat' dir='ltr'>quud</span> <span class='ocrx_word' id='word_1_158' title='bbox 753 3030 789 3090; x_wconf 91' lang='lat' dir='ltr'>tu</span> <span class='ocrx_word' id='word_1_159' title='bbox 816 3027 906 3111; x_wconf 85' lang='lat' dir='ltr'>legas</span> <span class='ocrx_word' id='word_1_160' title='bbox 935 3028 986 3090; x_wconf 92' lang='lat' dir='ltr'>die</span> <span class='ocrx_word' id='word_1_161' title='bbox 1020 3028 1170 3091; x_wconf 83' lang='lat' dir='ltr'>erastino</span> <span class='ocrx_word' id='word_1_162' title='bbox 1216 3028 1402 3093; x_wconf 83' lang='lat' dir='ltr'>Orationem</span> <span class='ocrx_word' id='word_1_163' title='bbox 1480 3075 1484 3082; x_wconf 82' lang='lat'><strong>·</strong></span> 
     </span>
     <span class='ocr_line' id='line_1_21' title="bbox 258 3128 1402 3213; baseline 0.004 -23"><span class='ocrx_word' id='word_1_164' title='bbox 258 3128 360 3211; x_wconf 86' lang='lat' dir='ltr'>patris</span> <span class='ocrx_word' id='word_1_165' title='bbox 375 3129 438 3192; x_wconf 90' lang='lat' dir='ltr'>mei</span> <span class='ocrx_word' id='word_1_166' title='bbox 453 3151 564 3211; x_wconf 87' lang='lat' dir='ltr'>parem</span> <span class='ocrx_word' id='word_1_167' title='bbox 579 3130 733 3192; x_wconf 86' lang='lat' dir='ltr'>materiae</span> <span class='ocrx_word' id='word_1_168' title='bbox 749 3152 824 3193; x_wconf 88' lang='lat' dir='ltr'>suae</span> <span class='ocrx_word' id='word_1_169' title='bbox 839 3129 940 3192; x_wconf 89' lang='lat' dir='ltr'>visam</span> <span class='ocrx_word' id='word_1_170' title='bbox 954 3130 1025 3212; x_wconf 83' lang='lat' dir='ltr'>tibi,</span> <span class='ocrx_word' id='word_1_171' title='bbox 1047 3129 1129 3192; x_wconf 90' lang='lat' dir='ltr'>nihil</span> <span class='ocrx_word' id='word_1_172' title='bbox 1144 3130 1260 3193; x_wconf 91' lang='lat' dir='ltr'>mirum</span> <span class='ocrx_word' id='word_1_173' title='bbox 1275 3135 1333 3213; x_wconf 76' lang='lat' dir='ltr'>est,</span> <span class='ocrx_word' id='word_1_174' title='bbox 1357 3133 1402 3195; x_wconf 90' lang='lat' dir='ltr'>mi</span> 
     </span>
     <span class='ocr_line' id='line_1_22' title="bbox 258 3229 1402 3323; baseline 0.004 -32"><span class='ocrx_word' id='word_1_175' title='bbox 258 3229 421 3313; x_wconf 83' lang='lat' dir='ltr'>magister.</span> <span class='ocrx_word' id='word_1_176' title='bbox 466 3229 589 3293; x_wconf 89' lang='lat' dir='ltr'>Fratris</span> <span class='ocrx_word' id='word_1_177' title='bbox 612 3232 722 3323; x_wconf 79' lang='lat' dir='ltr'>autem</span> <span class='ocrx_word' id='word_1_178' title='bbox 745 3230 824 3293; x_wconf 90' lang='lat' dir='ltr'>mihi</span> <span class='ocrx_word' id='word_1_179' title='bbox 847 3230 1132 3315; x_wconf 81' lang='lat' dir='ltr'>gratiarumactio</span> <span class='ocrx_word' id='word_1_180' title='bbox 1155 3232 1402 3297; x_wconf 86' lang='lat' dir='ltr'>eolaudavilior</span> 
     </span>
     <span class='ocr_line' id='line_1_23' title="bbox 258 3331 1398 3417; baseline 0.004 -25"><span class='ocrx_word' id='word_1_181' title='bbox 258 3332 316 3412; x_wconf 79' lang='lat' dir='ltr'>est,</span> <span class='ocrx_word' id='word_1_182' title='bbox 345 3352 407 3414; x_wconf 87' lang='lat' dir='ltr'>quo</span> <span class='ocrx_word' id='word_1_183' title='bbox 430 3331 536 3395; x_wconf 91' lang='lat' dir='ltr'>minus</span> <span class='ocrx_word' id='word_1_184' title='bbox 559 3331 598 3394; x_wconf 91' lang='lat' dir='ltr'>ad</span> <span class='ocrx_word' id='word_1_185' title='bbox 620 3331 850 3416; x_wconf 73' lang='lat' dir='ltr'>meditandum,</span> <span class='ocrx_word' id='word_1_186' title='bbox 874 3335 911 3395; x_wconf 94' lang='lat' dir='ltr'>ut</span> <span class='ocrx_word' id='word_1_187' title='bbox 934 3332 1125 3416; x_wconf 72' lang='grc'><strong>5555555555,</strong></span> <span class='ocrx_word' id='word_1_188' title='bbox 1156 3332 1269 3397; x_wconf 87' lang='lat' dir='ltr'>habuit</span> <span class='ocrx_word' id='word_1_189' title='bbox 1291 3335 1398 3417; x_wconf 85' lang='lat' dir='ltr'>spatii.</span> 
     </span>
     <span class='ocr_line' id='line_1_24' title="bbox 257 3432 1377 3519; baseline 0.004 -24"><span class='ocrx_word' id='word_1_190' title='bbox 257 3432 338 3496; x_wconf 86' lang='lat' dir='ltr'>Vale</span> <span class='ocrx_word' id='word_1_191' title='bbox 360 3433 404 3497; x_wconf 92' lang='lat' dir='ltr'>mi</span> <span class='ocrx_word' id='word_1_192' title='bbox 426 3433 654 3498; x_wconf 84' lang='lat' dir='ltr'>iucundissime</span> <span class='ocrx_word' id='word_1_193' title='bbox 676 3434 755 3497; x_wconf 93' lang='lat' dir='ltr'>mihi</span> <span class='ocrx_word' id='word_1_194' title='bbox 777 3434 941 3519; x_wconf 84' lang='lat' dir='ltr'>magister.</span> <span class='ocrx_word' id='word_1_195' title='bbox 975 3434 1081 3499; x_wconf 87' lang='lat' dir='ltr'>Mater</span> <span class='ocrx_word' id='word_1_196' title='bbox 1101 3458 1172 3499; x_wconf 87' lang='lat' dir='ltr'>mea</span> <span class='ocrx_word' id='word_1_197' title='bbox 1193 3438 1226 3499; x_wconf 90' lang='lat' dir='ltr'>te</span> <span class='ocrx_word' id='word_1_198' title='bbox 1248 3436 1377 3500; x_wconf 87' lang='lat' dir='ltr'>salutat.</span> 
     </span>
    </p>
   </div>
   <div class='ocr_carea' id='block_1_8' title="bbox 596 3587 1046 3655">
    <p class='ocr_par' dir='ltr' id='par_1_8' title="bbox 596 3587 1046 3655">
     <span class='ocr_line' id='line_1_25' title="bbox 596 3587 1046 3655; baseline 0 -1"><span class='ocrx_word' id='word_1_199' title='bbox 596 3587 673 3654; x_wconf 87' lang='lat' dir='ltr'>XL.</span> <span class='ocrx_word' id='word_1_200' title='bbox 697 3587 753 3653; x_wconf 89' lang='grc'>55.</span> <span class='ocrx_word' id='word_1_201' title='bbox 784 3587 936 3654; x_wconf 84' lang='lat' dir='ltr'>Domino</span> <span class='ocrx_word' id='word_1_202' title='bbox 958 3589 1046 3655; x_wconf 88' lang='grc'><strong>1155.</strong></span> 
     </span>
    </p>
   </div>
   <div class='ocr_carea' id='block_1_9' title="bbox 255 3704 1462 3897">
    <p class='ocr_par' dir='ltr' id='par_1_9' title="bbox 255 3704 1462 3897">
     <span class='ocr_line' id='line_1_26' title="bbox 341 3704 1396 3794; baseline 0.004 -24"><span class='ocrx_word' id='word_1_203' title='bbox 341 3704 477 3771; x_wconf 85' lang='lat' dir='ltr'>Oholera</span> <span class='ocrx_word' id='word_1_204' title='bbox 508 3730 607 3791; x_wconf 90' lang='lat' dir='ltr'>usque</span> <span class='ocrx_word' id='word_1_205' title='bbox 641 3729 677 3770; x_wconf 94' lang='lat' dir='ltr'>eo</span> <span class='ocrx_word' id='word_1_206' title='bbox 710 3707 856 3772; x_wconf 79' lang='lat' dir='ltr'>adflictus</span> <span class='ocrx_word' id='word_1_207' title='bbox 889 3731 969 3791; x_wconf 80' lang='lat' dir='ltr'>sum,</span> <span class='ocrx_word' id='word_1_208' title='bbox 1004 3712 1040 3772; x_wconf 92' lang='lat' dir='ltr'>ut</span> <span class='ocrx_word' id='word_1_209' title='bbox 1068 3730 1176 3773; x_wconf 81' lang='lat' dir='ltr'>vocem</span> <span class='ocrx_word' id='word_1_210' title='bbox 1206 3711 1396 3794; x_wconf 83' lang='lat' dir='ltr'>amitterem,</span> 
     </span>
     <span class='ocr_line' id='line_1_27' title="bbox 255 3798 1462 3897; baseline 0.008 -29"><span class='ocrx_word' id='word_1_211' title='bbox 255 3807 469 3891; x_wconf 81' lang='lat' dir='ltr'>singultirem,</span> <span class='ocrx_word' id='word_1_212' title='bbox 494 3810 630 3892; x_wconf 88' lang='lat' dir='ltr'>suspirio</span> <span class='ocrx_word' id='word_1_213' title='bbox 653 3813 722 3873; x_wconf 93' lang='lat' dir='ltr'>tum</span> <span class='ocrx_word' id='word_1_214' title='bbox 738 3831 852 3894; x_wconf 82' lang='lat' dir='ltr'>agerer</span> <span class='ocrx_word' id='word_1_215' title='bbox 860 3812 882 3893; x_wconf 68' lang='grc' dir='ltr'>ὓ,</span> <span class='ocrx_word' id='word_1_216' title='bbox 906 3814 1067 3894; x_wconf 86' lang='lat' dir='ltr'>postremo</span> <span class='ocrx_word' id='word_1_217' title='bbox 1089 3833 1189 3875; x_wconf 87' lang='lat' dir='ltr'>venae</span> <span class='ocrx_word' id='word_1_218' title='bbox 1212 3812 1395 3897; x_wconf 75' lang='lat' dir='ltr'>deficerent,</span> <span class='ocrx_word' id='word_1_219' title='bbox 1458 3798 1462 3807; x_wconf 42' lang='lat'>⁸</span> 
     </span>
    </p>
   </div>
   <div class='ocr_carea' id='block_1_10' title="bbox 339 3946 1029 4030">
    <p class='ocr_par' dir='ltr' id='par_1_10' title="bbox 339 3946 1029 4030">
     <span class='ocr_line' id='line_1_28' title="bbox 339 3946 1029 4030; baseline 0.006 -18"><span class='ocrx_word' id='word_1_220' title='bbox 339 3975 356 4012; x_wconf 91' lang='lat' dir='ltr'>a</span> <span class='ocrx_word' id='word_1_221' title='bbox 375 3963 407 4012; x_wconf 80' lang='lat' dir='ltr'>Iu</span> <span class='ocrx_word' id='word_1_222' title='bbox 425 3967 550 4030; x_wconf 77' lang='lat' dir='ltr'>murpine:</span> <span class='ocrx_word' id='word_1_223' title='bbox 569 3962 669 4015; x_wconf 83' lang='lat' dir='ltr'>Utrum</span> <span class='ocrx_word' id='word_1_224' title='bbox 687 3961 754 4016; x_wconf 81' lang='lat' dir='ltr'>faeti</span> <span class='ocrx_word' id='word_1_225' title='bbox 771 3946 804 4001; x_wconf 58' lang='lat' dir='ltr'>ss-</span> <span class='ocrx_word' id='word_1_226' title='bbox 821 3962 943 4017; x_wconf 85' lang='lat' dir='ltr'>incertus</span> <span class='ocrx_word' id='word_1_227' title='bbox 961 3981 1029 4016; x_wconf 84' lang='lat' dir='ltr'>sum.</span> 
     </span>
    </p>
   </div>
   <div class='ocr_carea' id='block_1_11' title="bbox 224 4096 1396 4419">
    <p class='ocr_par' dir='ltr' id='par_1_11' title="bbox 342 4096 1001 4166">
     <span class='ocr_line' id='line_1_29' title="bbox 342 4096 1001 4166; baseline 0.005 -19"><span class='ocrx_word' id='word_1_228' title='bbox 342 4104 355 4146; x_wconf 92' lang='lat'>1</span> <span class='ocrx_word' id='word_1_229' title='bbox 375 4097 419 4149; x_wconf 86' lang='lat' dir='ltr'>An</span> <span class='ocrx_word' id='word_1_230' title='bbox 436 4096 528 4165; x_wconf 86' lang='lat' dir='ltr'>potius</span> <span class='ocrx_word' id='word_1_231' title='bbox 547 4096 693 4152; x_wconf 79' lang='lat' dir='ltr'>dicendum</span> <span class='ocrx_word' id='word_1_232' title='bbox 708 4103 877 4166; x_wconf 77' lang='lat' dir='ltr'>procurabit?</span> <span class='ocrx_word' id='word_1_233' title='bbox 907 4103 1001 4152; x_wconf 67' lang='lat' dir='ltr'>Maius:</span> 
     </span>
    </p>

    <p class='ocr_par' dir='ltr' id='par_1_12' title="bbox 252 4179 1396 4335">
     <span class='ocr_line' id='line_1_30' title="bbox 337 4179 1396 4253; baseline 0.01 -21"><span class='ocrx_word' id='word_1_234' title='bbox 337 4179 437 4234; x_wconf 74' lang='lat' dir='ltr'>rcod.</span> <span class='ocrx_word' id='word_1_235' title='bbox 456 4199 498 4249; x_wconf 88' lang='lat' dir='ltr'>pr.</span> <span class='ocrx_word' id='word_1_236' title='bbox 517 4199 553 4234; x_wconf 91' lang='grc'>5.</span> <span class='ocrx_word' id='word_1_237' title='bbox 574 4202 605 4234; x_wconf 84' lang='lat' dir='ltr'>ea</span> <span class='ocrx_word' id='word_1_238' title='bbox 623 4202 700 4236; x_wconf 84' lang='lat' dir='ltr'>orma.</span> <span class='ocrx_word' id='word_1_239' title='bbox 745 4182 834 4237; x_wconf 87' lang='lat' dir='ltr'>Maius</span> <span class='ocrx_word' id='word_1_240' title='bbox 853 4184 961 4237; x_wconf 84' lang='lat' dir='ltr'>confert</span> <span class='ocrx_word' id='word_1_241' title='bbox 979 4183 1044 4238; x_wconf 87' lang='lat' dir='ltr'>Cod.</span> <span class='ocrx_word' id='word_1_242' title='bbox 1064 4184 1158 4239; x_wconf 82' lang='lat' dir='ltr'>lustin.</span> <span class='ocrx_word' id='word_1_243' title='bbox 1178 4187 1198 4253; x_wconf 86' lang='lat' dir='ltr'>I,</span> <span class='ocrx_word' id='word_1_244' title='bbox 1211 4194 1234 4241; x_wconf 82' lang='lat'>2.</span> <span class='ocrx_word' id='word_1_245' title='bbox 1249 4194 1289 4242; x_wconf 77' lang='lat'>⁶20.</span> <span class='ocrx_word' id='word_1_246' title='bbox 1330 4188 1396 4244; x_wconf 80' lang='lat' dir='ltr'>Mox</span> 
     </span>
     <span class='ocr_line' id='line_1_31' title="bbox 252 4253 1087 4335; baseline 0.011 -20"><span class='ocrx_word' id='word_1_247' title='bbox 252 4261 345 4317; x_wconf 85' lang='lat' dir='ltr'>Codex</span> <span class='ocrx_word' id='word_1_248' title='bbox 362 4282 404 4333; x_wconf 90' lang='lat' dir='ltr'>pr.</span> <span class='ocrx_word' id='word_1_249' title='bbox 424 4284 460 4318; x_wconf 89' lang='grc'>5.</span> <span class='ocrx_word' id='word_1_250' title='bbox 480 4272 520 4320; x_wconf 84' lang='lat' dir='ltr'>iuo</span> <span class='ocrx_word' id='word_1_251' title='bbox 538 4284 590 4335; x_wconf 90' lang='lat' dir='ltr'>pro</span> <span class='ocrx_word' id='word_1_252' title='bbox 609 4273 682 4320; x_wconf 80' lang='lat' dir='ltr'>iusto.</span> <span class='ocrx_word' id='word_1_253' title='bbox 853 4308 855 4311; x_wconf 88' lang='lat'>-</span> <span class='ocrx_word' id='word_1_254' title='bbox 1084 4253 1087 4259; x_wconf 20' lang='lat' dir='ltr'><em>V</em></span> 
     </span>
    </p>

    <p class='ocr_par' dir='ltr' id='par_1_13' title="bbox 224 4333 851 4419">
     <span class='ocr_line' id='line_1_32' title="bbox 224 4333 851 4419; baseline 0.008 -19"><span class='ocrx_word' id='word_1_255' title='bbox 224 4333 227 4348; x_wconf 61' lang='lat'><strong>¹</strong></span> <span class='ocrx_word' id='word_1_256' title='bbox 336 4355 351 4402; x_wconf 90' lang='lat'><strong>3</strong></span> <span class='ocrx_word' id='word_1_257' title='bbox 369 4348 485 4402; x_wconf 86' lang='lat' dir='ltr'>Addidit</span> <span class='ocrx_word' id='word_1_258' title='bbox 501 4350 738 4419; x_wconf 84' lang='lat' dir='ltr'>praepositionem</span> <span class='ocrx_word' id='word_1_259' title='bbox 754 4352 851 4406; x_wconf 87' lang='lat' dir='ltr'>Maius.</span> 
     </span>
    </p>
   </div>
   <div class='ocr_carea' id='block_1_12' title="bbox 248 4432 1393 5018">
    <p class='ocr_par' dir='ltr' id='par_1_14' title="bbox 248 4432 1393 4839">
     <span class='ocr_line' id='line_1_33' title="bbox 334 4432 1392 4505; baseline 0.012 -20"><span class='ocrx_word' id='word_1_260' title='bbox 334 4432 469 4502; x_wconf 83' lang='lat' dir='ltr'>4Inoipit</span> <span class='ocrx_word' id='word_1_261' title='bbox 491 4433 556 4487; x_wconf 81' lang='lat' dir='ltr'>coo.</span> <span class='ocrx_word' id='word_1_262' title='bbox 584 4434 674 4489; x_wconf 85' lang='lat' dir='ltr'>Vatie.</span> <span class='ocrx_word' id='word_1_263' title='bbox 698 4454 725 4505; x_wconf 89' lang='lat' dir='ltr'>p.</span> <span class='ocrx_word' id='word_1_264' title='bbox 742 4443 797 4491; x_wconf 87' lang='lat'>103.</span> <span class='ocrx_word' id='word_1_265' title='bbox 842 4437 978 4505; x_wconf 84' lang='lat' dir='ltr'>Loquitur</span> <span class='ocrx_word' id='word_1_266' title='bbox 1000 4440 1103 4492; x_wconf 83' lang='lat' dir='ltr'>Fronto</span> <span class='ocrx_word' id='word_1_267' title='bbox 1131 4441 1165 4494; x_wconf 90' lang='lat' dir='ltr'>de</span> <span class='ocrx_word' id='word_1_268' title='bbox 1194 4442 1319 4497; x_wconf 88' lang='lat' dir='ltr'>oratione</span> <span class='ocrx_word' id='word_1_269' title='bbox 1342 4445 1392 4499; x_wconf 91' lang='lat' dir='ltr'>Pii.</span> 
     </span>
     <span class='ocr_line' id='line_1_34' title="bbox 249 4517 1393 4591; baseline 0.012 -22"><span class='ocrx_word' id='word_1_270' title='bbox 249 4517 365 4570; x_wconf 78' lang='lat' dir='ltr'>Factum</span> <span class='ocrx_word' id='word_1_271' title='bbox 382 4518 476 4571; x_wconf 87' lang='lat' dir='ltr'>autem</span> <span class='ocrx_word' id='word_1_272' title='bbox 493 4517 562 4571; x_wconf 92' lang='lat' dir='ltr'>illud</span> <span class='ocrx_word' id='word_1_273' title='bbox 579 4519 780 4572; x_wconf 85' lang='lat' dir='ltr'>nobilissimum</span> <span class='ocrx_word' id='word_1_274' title='bbox 792 4520 835 4574; x_wconf 93' lang='lat' dir='ltr'>Pii</span> <span class='ocrx_word' id='word_1_275' title='bbox 852 4521 905 4574; x_wconf 90' lang='lat' dir='ltr'>fuit</span> <span class='ocrx_word' id='word_1_276' title='bbox 923 4539 991 4590; x_wconf 82' lang='lat' dir='ltr'>erga</span> <span class='ocrx_word' id='word_1_277' title='bbox 1002 4523 1033 4576; x_wconf 92' lang='lat' dir='ltr'>L.</span> <span class='ocrx_word' id='word_1_278' title='bbox 1044 4523 1156 4591; x_wconf 87' lang='lat' dir='ltr'>Verum,</span> <span class='ocrx_word' id='word_1_279' title='bbox 1175 4525 1231 4579; x_wconf 86' lang='lat' dir='ltr'>sive</span> <span class='ocrx_word' id='word_1_280' title='bbox 1250 4544 1312 4580; x_wconf 88' lang='lat' dir='ltr'>eum</span> <span class='ocrx_word' id='word_1_281' title='bbox 1330 4546 1393 4583; x_wconf 90' lang='lat' dir='ltr'>eum</span> 
     </span>
     <span class='ocr_line' id='line_1_35' title="bbox 248 4601 1390 4676; baseline 0.011 -22"><span class='ocrx_word' id='word_1_282' title='bbox 248 4603 407 4669; x_wconf 88' lang='lat' dir='ltr'>praetorem</span> <span class='ocrx_word' id='word_1_283' title='bbox 425 4603 498 4668; x_wconf 87' lang='lat' dir='ltr'>fecit,</span> <span class='ocrx_word' id='word_1_284' title='bbox 517 4601 573 4655; x_wconf 86' lang='lat' dir='ltr'>sive</span> <span class='ocrx_word' id='word_1_285' title='bbox 591 4619 654 4655; x_wconf 90' lang='lat' dir='ltr'>oum</span> <span class='ocrx_word' id='word_1_286' title='bbox 672 4604 819 4658; x_wconf 82' lang='lat' dir='ltr'>consulem.</span> <span class='ocrx_word' id='word_1_287' title='bbox 847 4605 923 4674; x_wconf 84' lang='lat' dir='ltr'>Lege</span> <span class='ocrx_word' id='word_1_288' title='bbox 942 4606 1059 4676; x_wconf 76' lang='lat' dir='ltr'>Capitol.</span> <span class='ocrx_word' id='word_1_289' title='bbox 1078 4608 1108 4661; x_wconf 90' lang='lat' dir='ltr'>in</span> <span class='ocrx_word' id='word_1_290' title='bbox 1116 4608 1190 4663; x_wconf 90' lang='lat' dir='ltr'>Vero</span> <span class='ocrx_word' id='word_1_291' title='bbox 1210 4628 1231 4663; x_wconf 89' lang='grc'>5.</span> <span class='ocrx_word' id='word_1_292' title='bbox 1243 4619 1267 4665; x_wconf 83' lang='grc'>3.</span> <span class='ocrx_word' id='word_1_293' title='bbox 1296 4618 1390 4670; x_wconf 53' lang='lat' dir='ltr'>illicior.</span> 
     </span>
     <span class='ocr_line' id='line_1_36' title="bbox 249 4684 1391 4766; baseline 0.011 -28"><span class='ocrx_word' id='word_1_294' title='bbox 249 4684 337 4739; x_wconf 84' lang='lat' dir='ltr'>Credo</span> <span class='ocrx_word' id='word_1_295' title='bbox 356 4704 418 4740; x_wconf 87' lang='lat' dir='ltr'>eum</span> <span class='ocrx_word' id='word_1_296' title='bbox 435 4693 533 4755; x_wconf 83' lang='lat' dir='ltr'>togam</span> <span class='ocrx_word' id='word_1_297' title='bbox 550 4685 658 4739; x_wconf 82' lang='lat' dir='ltr'>virilem</span> <span class='ocrx_word' id='word_1_298' title='bbox 676 4691 805 4756; x_wconf 84' lang='lat' dir='ltr'>sumeret,</span> <span class='ocrx_word' id='word_1_299' title='bbox 823 4708 889 4744; x_wconf 90' lang='lat' dir='ltr'>nam</span> <span class='ocrx_word' id='word_1_300' title='bbox 901 4691 1018 4759; x_wconf 88' lang='lat' dir='ltr'>uterque</span> <span class='ocrx_word' id='word_1_301' title='bbox 1033 4693 1067 4746; x_wconf 91' lang='lat' dir='ltr'>de</span> <span class='ocrx_word' id='word_1_302' title='bbox 1079 4692 1153 4747; x_wconf 90' lang='lat' dir='ltr'>Vero</span> <span class='ocrx_word' id='word_1_303' title='bbox 1171 4695 1295 4762; x_wconf 88' lang='lat' dir='ltr'>loquitur</span> <span class='ocrx_word' id='word_1_304' title='bbox 1313 4700 1391 4766; x_wconf 87' lang='lat' dir='ltr'>quasi</span> 
     </span>
     <span class='ocr_line' id='line_1_37' title="bbox 248 4769 425 4839; baseline 0.028 -18"><span class='ocrx_word' id='word_1_305' title='bbox 248 4769 282 4822; x_wconf 88' lang='lat' dir='ltr'>de</span> <span class='ocrx_word' id='word_1_306' title='bbox 300 4772 425 4839; x_wconf 88' lang='lat' dir='ltr'>puerulo.</span> 
     </span>
    </p>

    <p class='ocr_par' dir='ltr' id='par_1_15' title="bbox 332 4855 1029 4929">
     <span class='ocr_line' id='line_1_38' title="bbox 332 4855 1029 4929; baseline 0.009 -21"><span class='ocrx_word' id='word_1_307' title='bbox 332 4861 346 4908; x_wconf 90' lang='lat'>5</span> <span class='ocrx_word' id='word_1_308' title='bbox 365 4855 458 4909; x_wconf 81' lang='lat' dir='ltr'>Codex</span> <span class='ocrx_word' id='word_1_309' title='bbox 475 4875 518 4925; x_wconf 90' lang='lat' dir='ltr'>pr.</span> <span class='ocrx_word' id='word_1_310' title='bbox 538 4874 573 4909; x_wconf 92' lang='lat' dir='ltr'>m.</span> <span class='ocrx_word' id='word_1_311' title='bbox 593 4862 704 4911; x_wconf 79' lang='lat' dir='ltr'>coiectas</span> <span class='ocrx_word' id='word_1_312' title='bbox 723 4858 751 4911; x_wconf 88' lang='lat' dir='ltr'>et</span> <span class='ocrx_word' id='word_1_313' title='bbox 768 4874 834 4911; x_wconf 87' lang='lat' dir='ltr'>mox</span> <span class='ocrx_word' id='word_1_314' title='bbox 852 4860 875 4910; x_wconf 74' lang='lat' dir='ltr'>dr</span> <span class='ocrx_word' id='word_1_315' title='bbox 893 4876 945 4929; x_wconf 79' lang='lat' dir='ltr'>pro</span> <span class='ocrx_word' id='word_1_316' title='bbox 964 4866 1029 4915; x_wconf 79' lang='lat' dir='ltr'>mili.</span> 
     </span>
    </p>

    <p class='ocr_par' dir='ltr' id='par_1_16' title="bbox 330 4939 1336 5018">
     <span class='ocr_line' id='line_1_39' title="bbox 330 4939 1336 5018; baseline 0.014 -25"><span class='ocrx_word' id='word_1_317' title='bbox 330 4944 345 4993; x_wconf 87' lang='grc'><strong>6</strong></span> <span class='ocrx_word' id='word_1_318' title='bbox 364 4939 502 4995; x_wconf 87' lang='lat' dir='ltr'>Emendat</span> <span class='ocrx_word' id='word_1_319' title='bbox 520 4940 693 5011; x_wconf 82' lang='lat' dir='ltr'>Sohopenus:</span> <span class='ocrx_word' id='word_1_320' title='bbox 712 4964 831 5011; x_wconf 69' lang='lat' dir='ltr'>raperer,</span> <span class='ocrx_word' id='word_1_321' title='bbox 850 4945 910 4999; x_wconf 82' lang='lat' dir='ltr'>coll.</span> <span class='ocrx_word' id='word_1_322' title='bbox 931 4945 1051 5001; x_wconf 86' lang='lat' dir='ltr'>Gronov.</span> <span class='ocrx_word' id='word_1_323' title='bbox 1071 4948 1108 5004; x_wconf 87' lang='lat' dir='ltr'>ad</span> <span class='ocrx_word' id='word_1_324' title='bbox 1125 4947 1234 5002; x_wconf 88' lang='lat' dir='ltr'>Livium</span> <span class='ocrx_word' id='word_1_325' title='bbox 1250 4950 1283 5018; x_wconf 88' lang='lat' dir='ltr'>V,</span> <span class='ocrx_word' id='word_1_326' title='bbox 1296 4958 1336 5007; x_wconf 84' lang='grc'>48.</span> 
     </span>
    </p>
   </div>
   <div class='ocr_carea' id='block_1_13' title="bbox 0 0 1654 6050">
    <p class='ocr_par' dir='ltr' id='par_1_17' title="bbox 0 0 1654 6050">
     <span class='ocr_line' id='line_1_40' title="bbox 0 0 1654 6050; baseline 0 9"><span class='ocrx_word' id='word_1_327' title='bbox 0 0 1654 6050; x_wconf 95' lang='lat' dir='ltr'> </span> 
     </span>
    </p>
   </div>
  </div>
 </body>
</html>
