3300 6050
262 861 325 925 204
607 857 643 910 M.
658 856 828 912 CORNELII
845 859 1051 914 FRONTONIS
1116 938 1119 942 ἡ

261 1033 349 1094 ortae
377 1030 466 1093 brevi
500 1031 568 1094 die¹
596 1027 802 1093 occiderunt:
833 1049 965 1112 quorum
992 1030 1087 1094 nnius
1114 1031 1274 1097 humanae
1301 1037 1401 1117 prolis

261 1134 366 1196 aetate
393 1132 562 1216 imperium
590 1131 784 1196 exstinctum
811 1135 870 1194 est.
914 1131 999 1196 Nam
1032 1132 1087 1196 illa
1116 1155 1197 1217 qnae
1225 1136 1402 1202 Alexandri

261 1236 391 1299 comites
418 1233 655 1318 familiaresque
689 1235 878 1317 tenuerunt,
912 1234 1136 1316 praefecturae
1166 1238 1270 1322 magis
1304 1260 1401 1322 quam

258 1337 393 1420 imperia
421 1336 631 1420 appellandae
656 1385 896 1400 ........
927 1335 1078 1399 Nemini²
1099 1359 1233 1421 usquam
1249 1340 1401 1423 oppidum

259 1460 361 1522 neque
388 1441 510 1503 tectum
531 1438 721 1502 diutunum³
748 1440 803 1500 aut
829 1436 928 1500 limen
955 1437 1183 1504 inveteratum:
1217 1440 1402 1507 libertatem

258 1541 368 1624 inopia
396 1528 511 1625 sortiti,
540 1541 614 1625 quia
641 1541 769 1623 inopem
792 1538 962 1623 subigendi
990 1539 1107 1603 sterilis
1135 1540 1259 1605 fructus
1281 1542 1400 1608 laboris

260 1643 386 1726 capitur
414 1694 421 1707 .
447 1694 454 1706 .
481 1693 487 1706 .
513 1693 520 1707 .
550 1642 646 1728 Vagi‚
670 1643 835 1726 palantes,
867 1640 955 1704 nullo
982 1640 1107 1705 itineris
1136 1643 1296 1707 destinato
1322 1645 1399 1728 fine,

258 1766 324 1808 non
347 1744 386 1808 ad
408 1745 523 1828 locum,
542 1745 608 1809 sed
631 1745 671 1807 ad
692 1764 858 1827 vesperum
881 1743 1103 1806 contenditur⁴
1127 1794 1398 1811 .........

261 1893 1086 1911 ..........................
1123 1851 1211 1926 coep
1225 1848 1400 1929 {⁵ti0nibus

260 1947 364 2011 clades
387 1948 565 2031 ediderunt,
588 1948 749 2011 latronum
762 1946 868 2029 potius
891 1968 986 2029 qnam
1001 1945 1141 2009 hostium
1156 1969 1288 2013 numero
1305 1950 1397 2014 duco.

179 2095 185 2104 -
258 2048 323 2114 Soli
354 2049 519 2113 homInum
553 2049 666 2113 Parthi
700 2050 851 2112 adversus
882 2047 1036 2130 populum
1072 2047 1253 2112 Romanum
1282 2049 1399 2114 hostile

257 2173 374 2215 nomen
396 2151 481 2215 haud
503 2173 654 2236 umquam
684 2149 954 2214 contemnendum
979 2153 1163 2234 gesserunt:
1190 2152 1224 2214 id
1246 2152 1323 2215 satis
1345 2153 1398 2216 de-

256 2256 414 2317 monstrat
434 2275 500 2317 non
523 2252 628 2319 Crassi
651 2253 744 2316 modo
767 2252 873 2316 clades
896 2253 928 2314 et
950 2252 1086 2315 Antonii
1107 2251 1201 2316 foeda
1223 2252 1311 2338 fuga,
1341 2256 1399 2318 sed

256 2355 353 2418 etiam
375 2354 541 2419 fortissinii
563 2355 763 2438 imperatoris
780 2353 911 2417 Traiani
934 2353 1031 2417 ductu
1053 2353 1199 2437 legatus⁶
1222 2377 1293 2418 cum
1309 2377 1398 2419 exer-

257 2457 323 2520 citu
346 2478 471 2540 caesus,
507 2459 540 2520 et
567 2457 722 2541 priucipis
746 2456 786 2518 ad
808 2453 1007 2538 triumphum
1029 2455 1211 2520 decedentis
1234 2455 1397 2540 haudqua-

255 2579 351 2642 quam
373 2566 484 2622 secura
506 2580 566 2622 nec
588 2559 757 2621 incruenta
779 2557 988 2640 regressioh.

339 2657 430 2723 Bella
451 2659 552 2744 igitur
579 2659 641 2722 duo
667 2658 806 2751 maxima
834 2658 996 2721 aduobns
1023 2660 1169 2722 maximis
1196 2660 1397 2743 imperatori-

255 2761 314 2824 bus
348 2760 514 2824 adversum
542 2759 679 2824 Parthos
712 2762 822 2823 nostra
851 2759 1003 2823 memoria
1030 2761 1100 2843 pari
1133 2758 1252 2825 eventu
1276 2761 1397 2827 bellata

255 2861 447 2926 contendere
467 2863 553 2926 inter
573 2883 640 2925 sese
662 2883 720 2945 pro
743 2861 843 2945 copiis
859 2861 1009 2944 cuiusque
1032 2862 1121 2925 ducis
1144 2865 1177 2925 et
1198 2863 1397 2946 temporibus

254 2983 402 3047 pergam:
431 2963 516 3028 haud
538 2965 681 3049 ignarus,
710 2963 827 3028 fortia8
849 2963 993 3027 facinora
1015 2963 1191 3028 viventium
1217 2964 1395 3050 gravatius,

254 3068 451 3130 mortuorum
479 3067 603 3150 gratius
631 3066 749 3149 accipi:
781 3065 883 3129 faveri
911 3065 1111 3149 praeteritis,
1140 3066 1275 3130 invideri
1303 3088 1396 3150 prae-

255 3166 398 3231 sentibus
406 3168 430 3231 b.
475 3166 621 3251 Namque
649 3167 770 3232 invidia
804 3188 989 3250 semper..
1014 3168 1202 3250 9persistere
1227 3217 1234 3231 .
1259 3218 1265 3231 .
1291 3169 1329 3231 de
1354 3220 1361 3232 .
1387 3221 1394 3233 .

253 3268 319 3332 in.
346 3318 353 3332 .
377 3269 503 3333 docebit
525 3272 571 3333 ut.
616 3268 755 3353 Dempta
782 3268 892 3352 visque
922 3265 1035 3355 [extra]
1063 3290 1156 3351 posse
1180 3266 1264 3356 [quo]
1294 3270 1360 3334 bi.
1386 3322 1393 3336 .

252 3371 854 3454 an..ecce..visui.......l¹⁰...
879 3368 1396 3454 Ubiprimummagnumducem

337 3590 354 3627 a
371 3578 405 3627 In
422 3580 549 3641 marpz'ne:
579 3572 637 3626 Soli
658 3572 802 3627 homiuum
819 3602 853 3610 -
870 3586 971 3625 nomen
988 3572 1064 3625 haud
1081 3573 1314 3625 contemnendum
1331 3591 1395 3643 ges·
1492 3559 1497 3564 ’

252 3660 359 3735 serunt:
377 3658 407 3711 id
424 3659 450 3711 d.
471 3657 499 3712 O.
519 3676 541 3711 c.
560 3658 591 3711 A.
612 3660 630 3711 f.
649 3658 677 3723 f.‚
697 3657 811 3711 Traiani
829 3655 1008 3725 Imperatoris
1031 3656 1116 3709 ductu
1133 3657 1150 3709 l.
1162 3673 1185 3710 c.
1204 3673 1227 3711 e.
1248 3674 1345 3711 caesus
1364 3661 1395 3713 et

250 3741 335 3811 ipsius
353 3742 486 3811 principis
505 3742 542 3795 ad
559 3740 731 3809 triumphum
748 3740 884 3795 venientis
896 3756 950 3793 non
964 3756 1062 3793 secura
1074 3741 1103 3794 et
1114 3739 1228 3794 laudata
1243 3743 1392 3809 regressio.

335 3826 353 3879 b
373 3830 406 3879 ln
423 3832 549 3895 nzerpine:
567 3824 649 3879 Haud
666 3855 699 3863 -
716 3824 877 3893 praeteritis
894 3822 1086 3893 praesentibus
1103 3824 1229 3878 invideri.

337 3982 350 4029 1
369 3976 508 4031 Emendat
526 3975 696 4044 Schopenus:
715 3983 782 4032 dein.

335 4067 350 4113 2
368 4059 471 4115 Rothio
489 4078 516 4129 p.
536 4066 569 4114 23
588 4062 733 4128 sequentia
751 4062 785 4115 de
803 4061 949 4115 Germanis
968 4060 1044 4114 diets
1060 4060 1197 4115 videntur.

335 4144 411 4198 ana
430 4143 531 4199 Codex.

334 4232 350 4280 4
367 4227 536 4281 Niebuhrius
556 4230 662 4283 confert
680 4229 791 4284 Sallust·
809 4228 934 4297 Iugurth.
955 4233 995 4284 18.

334 4316 350 4365 5
368 4310 498 4381 Sequitur
514 4332 542 4383 p.
562 4320 610 4368 261
629 4331 723 4381 erasa,
747 4313 796 4367 sed
818 4312 938 4381 vestigIa
955 4315 1126 4382 respondent
1142 4314 1270 4382 margini.
1307 4316 1392 4371 Hein-

250 4395 352 4449 dorfius
370 4396 494 4465 supplet:
516 4398 589 4452 Nam
607 4399 714 4453 ceteras
733 4397 845 4465 quidem
862 4399 969 4466 gentes,
988 4415 1060 4467 quae
1078 4398 1275 4467 direptionibus.

333 4479 509 4536 6Maximus.
592 4538 595 4543 .

334 4570 348 4617 7
366 4562 455 4618 Maius
473 4567 580 4620 confert
597 4566 677 4621 Dion.
697 4566 725 4621 C.
745 4565 865 4621 LXVIII.
885 4572 926 4621 29.

333 4648 410 4702 sna
429 4647 504 4717 cod,
522 4654 664 4718 fortissima
681 4649 777 4704 Maius.

333 4738 348 4785 9
366 4732 437 4785 Hinc
455 4734 591 4788 adfinem
608 4734 728 4802 paginae
752 4735 816 4788 sunt
834 4752 927 4790 versus
945 4735 1017 4789 XVI.
1045 4740 1139 4793 Maias.

247 4896 296 4952 bu]
317 4819 348 4907 11)
366 4812 496 4951 Sppuitur
509 4814 575 4870 Cod.
593 4833 620 4885 p.
635 4822 693 4884 274,
711 4816 809 4887 inqua
827 4819 919 4873 omnia
932 4838 947 4874 e
959 4818 1086 4887 margine
1104 4821 1217 4888 praeter
1235 4821 1289 4875 duo
1308 4839 1392 4877 voca-

297 4914 314 4956 31
330 4916 360 4961 Ill¹
415 4915 440 4959 8.,
