3300 6050
439 848 489 902 AD
507 847 728 903 ANTONINUM
745 848 816 902 lMP.
837 847 884 901 ΕΤ
902 847 1055 903 INVIGEM
1071 848 1179 902 LlBER
1342 850 1400 914 101

374 1089 448 1154 ΙΙΙ.
478 1087 629 1153 Bomino
650 1087 727 1152 Meo
748 1084 931 1153 Antonino
952 1033 1115 1168 Augusto
1137 1086 1285 1154 Fronto.

343 1225 418 1290 Vidi
440 1223 578 1308 pullulos
601 1226 683 1308 tuos,
708 1224 792 1307 quod
813 1223 942 1307 quidem
962 1222 1175 1288 libentissime
1196 1224 1232 1289 in
1246 1224 1313 1289 vita
1329 1248 1401 1290 mea

258 1327 401 1411 viderim,
425 1331 493 1390 tam
515 1325 609 1391 simili
625 1325 708 1389 facie
730 1325 802 1409 tibi,
825 1328 863 1388 ut
884 1324 967 1389 nihil
989 1325 1113 1389 sithoc
1135 1326 1232 1390 simili
1255 1326 1399 1392 similius

257 1431 332 1512 Feci
353 1450 483 1512 prorsus
507 1427 719 1511 conpendium
740 1427 867 1491 itineris
889 1425 1155 1511 Lorium'usque,
1187 1430 1401 1513 conpendium

258 1532 327 1596 viae
348 1531 501 1614 lubricae,
526 1529 749 1613 compendium
772 1529 925 1593 clivorum
941 1530 1126 1594 arduorum:
1149 1533 1260 1594 tamen
1280 1530 1346 1594 vidi
1366 1534 1400 1596 te

257 1656 324 1699 non
347 1657 385 1697 ex
407 1633 575 1697 advorsum
596 1633 690 1694 modo
712 1632 768 1695 sed
788 1631 991 1715 locupletius,
1016 1632 1082 1695 sive
1103 1653 1155 1695 me
1177 1634 1217 1695 ad
1236 1633 1400 1697 dexteram

258 1737 324 1800 sive
352 1736 392 1799 ad
424 1734 549 1798 laevam
577 1734 813 1798 convertissem.
860 1733 961 1798 suno
990 1736 1097 1797 autem
1130 1734 1178 1797 dis
1211 1733 1398 1805 iuvantibus

258 1839 361 1903 colore
384 1838 463 1902 satis
485 1836 615 1920 salubri,
641 1836 778 1900 clamore
799 1836 887 1899 forti.
915 1834 1038 1899 Panem
1060 1835 1142 1899 alter
1163 1836 1296 1900 tenebat
1317 1837 1400 1901 benc

259 1939 439 2022 candidum,
463 1942 500 2002 ut
521 1960 599 2023 puer
621 1939 740 2023 regius,
770 1937 852 2002 alter
874 1942 982 2002 autem
1004 1938 1169 2021 cibarium,
1197 1937 1294 2022 plane
1321 1942 1359 2003 ut
1381 1961 1400 2003 a

256 2045 349 2127 patre
376 2040 567 2125 philosopho
599 2042 788 2124 prognatus.
834 2039 918 2104 Deos
946 2060 1063 2124 quaeso
1097 2040 1139 2132 sit
1166 2041 1272 2104 salvus
1299 2031 1397 2126 sator,

257 2144 345 2208 salva
367 2143 433 2207 sint
456 2145 535 2225 sata,
560 2141 648 2206 salva
671 2163 763 2226 seges
791 2142 843 2226 sit,
874 2163 954 2226 quac
981 2145 1050 2205 tam
1073 2141 1192 2206 similes
1220 2147 1398 2226 procreata

255 2245 341 2310 Nam
368 2245 467 2308 etiam
501 2243 628 2308 voculas
662 2265 785 2328 quoque
815 2265 925 2307 eorum
953 2244 1059 2308 audivi
1086 2247 1154 2307 tam
1181 2243 1297 2328 dulcis,
1331 2249 1400 2310 tam

255 2352 418 2430 venustas,
441 2350 478 2411 ut
499 2346 653 2410 orationis
676 2348 750 2409 tuae
773 2345 915 2430 lepidum
936 2344 1028 2408 illum
1043 2348 1075 2409 et
1094 2345 1250 2428 liquidum
1266 2349 1399 2412 sonum²

254 2450 364 2514 nescio
393 2470 455 2533 quo
483 2451 579 2533 pacto
607 2448 643 2512 in
670 2448 836 2531 utriusque
864 2446 995 2530 pipulc3
1023 2447 1283 2531 adgnosceremb.
1329 2449 1398 2513 Iam

255 2555 292 2616 tu
313 2552 424 2635 igitur,
453 2550 517 2614 11111
545 2571 652 2633 caves,
682 2550 920 2634 superbiorem4
949 2550 1113 2632 aliquanto
1140 2571 1191 2614 me
1220 2551 1398 2635 experiere3

255 2654 357 2717 habeo
380 2653 465 2717 enim
487 2674 565 2736 quos
586 2674 645 2736 pro
672 2655 705 2715 te
726 2674 792 2715 non
819 2651 937 2715 oculeis
959 2652 1053 2715 modo
1076 2672 1189 2736 amem,
1219 2652 1274 2716 sed
1301 2653 1399 2717 etiam

255 2755 393 2819 auribus.
749 2760 753 2771 '

541 2889 603 2954 IV.
632 2889 805 2972 Magistro
827 2890 904 2955 Meo
927 2886 1101 2955 Salutem.

338 3026 415 3090 Vidi
436 3018 550 3091 filiolos
571 3047 669 3109 meos,
693 3047 789 3109 quom
806 3027 899 3111 15111
920 3029 957 3089 tu
979 3026 1102 3109 vidisti,
1125 3027 1189 3090 vidi
1210 3031 1243 3091 et
1257 3031 1301 3112 te,
1326 3052 1398 3094 cum

183 3178 185 3183 .
253 3130 378 3193 litteras
400 3128 651 3213 tuaslegerem.
673 3127 736 3192 Oro
758 3131 802 3210 te,
826 3128 871 3191 mi
892 3128 1057 3212 magister,
1083 3150 1154 3191 ama
1175 3150 1226 3192 me
1240 3132 1278 3193 ut
1294 3152 1397 3215 amas,

255 3255 327 3296 ama
340 3254 392 3295 mc
415 3231 461 3295 sic
484 3230 581 3293 etiam
603 3228 758 3313 quomodo
780 3229 859 3293 istos
881 3228 1028 3313 parvulos
1047 3232 1174 3294 nostros
1190 3252 1295 3295 amas:
1317 3254 1397 3296 non·

254 3334 329 3398 dum
351 3354 444 3397 omne
467 3332 531 3396 dixi
554 3331 638 3415 quod
658 3330 744 3396 volo:
774 3353 846 3395 ama
873 3353 924 3394 me
955 3332 1111 3415 quomodo
1137 3334 1261 3397 amasti.
1307 3332 1397 3399 Haec

253 3438 290 3499 ut
311 3435 499 3517 scriberem,
534 3436 662 3497 tuarum
689 3434 870 3497 litterarum
897 3433 979 3497 mira
1006 3432 1189 3497 iucunditas
1216 3435 1395 3518 produxit0.

253 3536 338 3601 Nam
361 3537 399 3599 de
415 3535 577 3620 elegantia
592 3536 668 3618 quid
684 3534 811 3598 dicam?
833 3534 897 3598 nisi
912 3538 945 3598 te
959 3534 1061 3598 latine
1077 3534 1175 3619 loqui,
1198 3557 1257 3599 nos
1274 3539 1395 3601 ceteros

252 3661 355 3722 neque
370 3660 485 3724 graece
499 3659 603 3721 neque
618 3637 751 3702 latined.
780 3636 919 3700 Domino
933 3658 1004 3701 meo
1018 3636 1113 3700 fratri
1127 3640 1202 3721 peto
1218 3639 1395 3723 scriptites:

337 3825 355 3862 a
372 3779 406 3862 In
423 3813 547 3877 maraine:
567 3806 664 3860 Salvus
683 3807 759 3860 sator
774 3804 816 3872 sit,
835 3806 913 3859 salva
924 3807 993 3872 sata,
1012 3806 1088 3860 salva
1106 3822 1186 3875 seges
1203 3824 1275 3875 quae
1292 3806 1395 3866 similes

252 3895 407 4030 proerbaln
424 3982 551 4046 marpine:
569 3976 607 4030 Ut
626 3975 759 4031 orationis
776 3977 843 4029 tuae
862 3975 970 4029 dulcem
993 3991 1091 4029 sonum
1112 3975 1142 4029 in
1158 3975 1302 4046 utriusque
1325 3978 1395 4048 pulli

252 4060 293 4115 tui
310 4062 406 4130 pipulo
425 4078 612 4130 agnoscerem.

338 4163 352 4199 o
374 4150 407 4199 ln
423 4151 548 4215 marpine:
567 4146 641 4200 Tota
657 4146 727 4200 haec
743 4145 931 4215 panygyrious
950 4146 1016 4212 (sic).

337 4231 355 4284 d
373 4234 407 4283 In
424 4236 549 4298 marpine:
568 4230 608 4285 Te
616 4230 702 4284 latine
711 4230 796 4299 loqui,
805 4246 857 4284 nos
867 4232 975 4285 ceteros
986 4246 1076 4298 neque
1086 4246 1186 4299 graece
1198 4248 1289 4300 neque
1296 4231 1391 4288 latine.

336 4409 350 4452 1
368 4399 477 4468 Nempe
498 4400 611 4468 gemelli
631 4400 725 4453 Marco
747 4400 805 4454 iam
826 4399 954 4468 Augusto
980 4399 1040 4455 nati
1060 4399 1150 4467 filioli,
1174 4399 1341 4455 Commodus
1365 4402 1394 4455 et

250 4484 413 4551 Antoninus,
432 4499 550 4553 quorum
566 4483 612 4537 hic
629 4484 790 4552 quadrimus
808 4484 945 4537 extinctus
963 4485 1014 4539 est.
1052 4489 1146 4539 Maius.

336 4576 351 4623 2
369 4570 458 4624 Maius
476 4568 559 4623 affert
575 4567 693 4623 Dionem
711 4566 835 4623 Cassium
856 4567 886 4621 in
907 4568 989 4623 titulo
1013 4570 1047 4623 de
1066 4568 1216 4624 Sententiis
1233 4570 1308 4639 apud
1326 4570 1391 4625 Din-

251 4654 369 4708 dorfium
386 4653 420 4720 V,
437 4672 464 4723 p.
478 4658 536 4707 206.

335 4746 351 4793 3
370 4736 436 4791 Cod.
455 4755 497 4807 pr.
516 4755 551 4791 m.
570 4744 673 4806 populo.
709 4736 748 4790 Cf.
767 4752 879 4805 quoque
896 4755 953 4792 var.
971 4738 1035 4792 lect.
1052 4738 1083 4791 in
1099 4737 1233 4807 margine.

335 4828 352 4876 4
371 4822 436 4875 eod.
455 4840 498 4891 pr.
517 4840 553 4876 m.
572 4827 754 4890 superbiorem.

336 4912 352 4961 5
368 4906 469 4976 Incipit
487 4907 552 4962 Cod.
571 4907 635 4961 Vat.
653 4924 681 4977 p.
695 4910 735 4960 89.
