3300 6050
242 855 303 919 182
449 852 485 905 M.
501 851 671 907 CORNELII
688 849 896 906 FRONTONIS
914 850 1170 904 EPISTULARUM

240 1027 276 1089 tu
297 1024 420 1089 nullam
441 1045 592 1107 umquam
620 1025 799 1088 mercedem
827 1023 922 1086 ullius
950 1023 997 1086 rei
1025 1024 1169 1107 agendae
1191 1025 1382 1090 dicendaeve

241 1151 260 1191 a
283 1136 442 1210 quoquam
464 1125 637 1209 postularis
645 1125 666 1208 ¹,
690 1126 810 1190 Fronto
833 1125 895 1189 iste
917 1124 1041 1188 nullum
1063 1126 1196 1189 verbum
1217 1128 1306 1211 prius
1328 1151 1382 1192 ne-

240 1250 301 1312 que
328 1228 529 1311 frequentius
558 1228 723 1312 congarrit
750 1249 846 1311 quarn
873 1227 934 1290 hoc
963 1232 1033 1290 DA:
1071 1249 1130 1312 ego
1160 1232 1273 1292 contra
1300 1231 1383 1313 quod

240 1337 369 1414 possum
393 1332 449 1393 aut
478 1328 640 1393 chartulas
663 1330 692 1393 ei
715 1333 771 1392 aut
792 1328 928 1392 tabellas
950 1329 1096 1414 porrige,
1121 1353 1255 1414 quarum
1277 1317 1384 1395 rerum

240 1434 411 1518 petitorem
434 1454 506 1495 eum
528 1454 596 1496 esse
620 1432 723 1516 cupio
768 1431 933 1495 Nonnulla
962 1436 1072 1496 tamen
1095 1435 1127 1496 et
1150 1434 1228 1496 aviti
1250 1435 1383 1518 ingeni2

241 1535 336 1618 signa
369 1534 519 1598 ostendit.
565 1533 709 1598 Uvarum
742 1533 943 1597 avidissimus
977 1537 1041 1617 est;
1074 1534 1214 1618 primum
1247 1537 1383 1620 denique

240 1635 327 1700 hunc
351 1637 457 1701 cibum
479 1635 676 1719 degluttivit,
700 1657 762 1699 nec
785 1635 921 1699 cessavit
942 1658 1000 1719 per
1013 1639 1098 1700 totos
1121 1659 1223 1719 paene
1236 1638 1305 1701 dies
1328 1642 1384 1702 at

241 1738 354 1823 lingua
375 1739 516 1802 lambere
538 1738 636 1801 ubam
659 1740 714 1800 aut
735 1737 836 1801 labris
858 1737 975 1801 saviaci
999 1737 1055 1802 ac3
1070 1737 1213 1822 gingivis
1228 1740 1383 1804 lacessere

243 1862 280 1904 ac
294 1839 482 1903 ludificaril.
499 1839 707 1903 Avioularum
720 1839 818 1902 etiam
831 1839 1054 1922 cupidissimus
1067 1839 1162 1923 pullis
1177 1841 1381 1924 gallinarum,

243 1942 477 2023 columbarum,
508 1962 673 2024 passerum
701 1941 895 2005 oblectatur:
935 1963 996 2024 quo
1024 1942 1129 2005 studio
1157 1965 1207 2006 me
1235 1966 1254 2006 a
1281 1944 1384 2027 prima

242 2043 383 2108 infantia
415 2043 598 2107 devinctum
636 2043 735 2107 fuisse
763 2063 858 2126 saepe
889 2043 996 2106 audivi
1028 2065 1067 2106 ex
1099 2043 1178 2126 hisi,
1214 2044 1269 2127 qui
1305 2046 1384 2109 mihi

243 2145 408 2209 eductores
438 2147 493 2208 aut
520 2145 669 2229 magistri
696 2145 839 2208 fuerunt.
885 2143 989 2208 Senex
1018 2128 1115 2209 etiam
1139 2150 1259 2229 quanto
1280 2149 1383 2231 perdi-

244 2270 315 2311 cum
348 2248 452 2311 studio
473 2247 626 2330 'tenear⁶,
661 2268 755 2310 nemo
784 2249 833 2309 est
861 2245 915 2329 qui
941 2268 992 2309 me
1020 2246 1133 2310 leviter
1159 2249 1284 2312 noverit
1306 2249 1384 2332 quin

242 2349 353 2414 sciat⁷.
397 2348 531 2412 Nullum
554 2351 603 2412 est
625 2347 710 2412 enim
732 2348 856 2411 factum
877 2370 983 2411 meum
1002 2348 1172 2431 dictumve,
1197 2351 1280 2432 quod
1303 2350 1384 2414 clam

245 2451 358 2515 ceteris
381 2473 449 2514 esse
471 2450 582 2514 velim:
619 2450 697 2533 quin
726 2449 776 2513 cui
798 2449 845 2512 rei
871 2449 1018 2514 mihimet
1044 2449 1111 2533 ipse
1139 2451 1284 2515 conscius
1312 2453 1382 2534 sim,
1464 2454 1471 2472 ⁸

244 2556 365 2616 ceteros
388 2573 512 2636 quoque
541 2573 651 2616 omnes
678 2552 769 2616 iuxta
790 2568 916 2616 mecum
939 2551 1019 2616 scire
1041 2552 1157 2615 uelima
1181 2603 1382 2617 .......

350 2704 460 2781 XIII.
507 2704 675 2790 lSFronto
697 2704 885 2770 Victorino
912 2701 1081 2790 [Genero]
1104 2702 1278 2773 Salutem.

329 2822 478 2888 Graviter
510 2822 617 2887 oculos
630 2877 634 2882 .
649 2822 735 2887 dolui
759 2873 765 2886 .
791 2872 798 2885 .
822 2823 948 2887 9nullus
971 2822 1079 2886 dolorb
1108 2875 1382 2890 ........

247 2926 270 2966 ¹⁰
278 2927 334 2988 aut
357 2975 363 2989 .
389 2976 395 2988 .
419 2924 533 2989 interis
543 2924 565 2965 ¹¹
584 2974 591 2988 .
617 2974 624 2988 .
649 2928 705 2988 aut
727 2924 884 2989 internati
905 2925 1100 2989 oriebantur.
1135 2925 1385 2991 internatium¹²

247 3027 362 3092 Graeci
391 3028 481 3092 ieron
509 3032 618 3112 oston,
654 3026 858 3091 Suetonius¹³
881 3027 1086 3111 Tranquillus
1109 3029 1235 3113 spinam
1262 3052 1386 3095 sacram

329 3198 347 3235 a
364 3185 398 3234 In
415 3186 539 3249 murpine:
575 3180 687 3234 Nullum
709 3181 752 3234 est
774 3178 848 3233 enim
870 3181 975 3234 factum
997 3180 1046 3235 aut
1068 3180 1171 3234 dictum
1195 3198 1287 3235 meum
1311 3184 1385 3251 quod

245 3266 317 3319 clam
334 3296 366 3303 -
385 3265 454 3320 scire
472 3266 563 3321 velim.

329 3351 347 3404 b
367 3354 400 3403 In
418 3357 542 3417 margine:
571 3350 669 3403 Nullus
687 3348 766 3403 dolor
785 3349 875 3404 acrior
893 3351 1047 3416 (vccabulum
1064 3352 1196 3419 incertum)
1216 3395 1328 3405 .....
1347 3354 1386 3406 la-

245 3434 312 3487 teris
330 3436 379 3488 aut
396 3435 519 3489 internat
537 3476 675 3489 ......
700 3432 845 3487 Seetonius
863 3432 1002 3503 degerem.

330 3558 343 3607 1
362 3552 404 3607 De
421 3551 557 3607 Victorini
575 3551 744 3607 abstinentia
761 3553 824 3621 lege
841 3552 959 3607 Dionem
976 3554 1083 3607 LXXII.
1104 3560 1143 3607 ll.
1180 3558 1273 3609 Maius.

329 3637 430 3692 ecod.
449 3654 502 3691 sec.
521 3655 557 3690 m.
575 3643 677 3705 ingenii.
770 3665 771 3668 ¹

331 3723 408 3777 3Ita
426 3721 526 3788 Codex,
544 3739 600 3777 non
617 3735 668 3776 aut,

330 3808 408 3861 ella
426 3807 530 3872 Codex3
548 3813 673 3861 ludicrari
689 3806 785 3861 Maius.

331 3891 471 3947 5Mali1n:
490 3897 529 3948 iis.

332 3976 405 4031 iin.
425 3977 462 4030 ad
478 3976 515 4030 M.
536 3976 613 4031 Caes.
632 3976 665 4029 V.
686 3981 726 4030 37.

331 4068 345 4114 7
364 4062 408 4114 Ita
426 4059 530 4126 Codex3
548 4066 591 4129 qui
607 4067 705 4115 nesciui
721 4060 816 4115 Maius.

331 4153 347 4201 8
365 4144 495 4212 Sequitur
513 4144 579 4199 Cod.
598 4163 624 4213 p.
643 4151 705 4211 323,
728 4162 799 4213 quae
819 4144 903 4199 hodie
920 4161 1034 4213 prorsus
1050 4146 1157 4200 interiit
1172 4149 1287 4215 praeter
1305 4165 1386 4215 quae-

248 4231 313 4285 dam
337 4231 367 4283 in
392 4227 526 4298 margine.
563 4228 691 4297 Suspicor
712 4229 816 4284 Maium
844 4229 985 4298 Epistulae
1011 4230 1219 4298 inscriptionem
1245 4233 1274 4285 et
1296 4233 1387 4300 prima

250 4316 334 4369 verba
351 4330 406 4368 uon
423 4313 525 4382 legisse
542 4314 572 4367 in
589 4312 698 4380 Codice,
717 4315 766 4368 sed
783 4332 817 4369 ex
834 4313 927 4367 Indice
940 4314 1115 4384 supplevisse.

332 4408 347 4455 9
364 4400 473 4453 Desunt
490 4399 603 4466 aliquot,
622 4400 652 4452 ut
669 4400 746 4469 puto,
764 4416 865 4453 versus.
903 4403 997 4451 Maius.

318 4491 348 4539 10
366 4483 469 4552 Supple
487 4501 569 4537 unum
589 4484 713 4539 verbum.
752 4488 850 4537 Maius.
885 4484 1016 4549 Fortasse
1034 4489 1136 4550 acrior,
1155 4485 1186 4537 ut
1203 4483 1233 4537 in
1250 4485 1384 4553 margine.

317 4576 347 4623 ll
365 4569 473 4624 Desunt
490 4568 597 4637 aliquot
614 4570 732 4624 fortasse
749 4570 868 4624 litterae.
906 4572 1000 4622 Maius.
1034 4568 1152 4623 Malim:
1171 4575 1266 4623 lateris.

319 4661 348 4708 12
366 4652 455 4708 Maius
474 4652 571 4708 scribit
585 4662 653 4707 iuter
670 4660 785 4708 nativum.
811 4658 981 4707 lucernarium
997 4655 1039 4708 est
1057 4653 1158 4708 eximia
1169 4653 1285 4722 Hauptii
1297 4671 1387 4707 emen·
1442 4724 1445 4729 ·

250 4739 326 4793 datio
344 4740 510 4794 iuHermeI
527 4757 554 4807 p.
569 4738 609 4792 ⁶23.
647 4737 776 4793 Ceterum
794 4736 862 4791 mihi
879 4737 1028 4793 verisimile
1045 4738 1155 4793 videtur
1172 4737 1277 4792 Maium
1295 4740 1388 4793 omnia

249 4824 319 4879 haec
336 4842 392 4878 non
409 4824 439 4877 in
455 4825 535 4878 textu
552 4822 698 4889 invenisse,
716 4823 765 4876 sed
782 4823 811 4875 in
829 4822 971 4891 margine.

320 4916 350 4964 13
369 4908 475 4964 Codex:
491 4912 636 4963 'scalonias
660 4911 755 4961 Maius.
779 4906 888 4976 Primus
900 4922 968 4975 ergo
981 4908 1011 4961 et
1022 4907 1141 4962 fortasse
1159 4925 1229 4963 unus
1241 4906 1388 4963 Suetonius
