3300 6050
590 847 730 902 LAUDES
753 846 1062 903 NlJGLEGENTmm
1329 852 1393 915 215

248 1020 394 1104 gentiae¹
420 1019 505 1083 haud
528 1019 695 1103 quisquam
717 1040 913 1104 magnopere
928 990 1061 1082 insidias
1084 1018 1180 1102 locat,
1205 1019 1392 1084 existimans

248 1122 346 1185 etiam
368 1121 437 1184 sine
459 1121 584 1184 insidiis
607 1143 732 1204 semper
754 1125 787 1185 et
809 1121 926 1204 ubique
949 1122 981 1184 et
1003 1120 1077 1184 ubi²
1099 1121 1200 1185 libeat
1218 1122 1391 1206 neglegen-

247 1228 313 1288 tem
335 1222 498 1287 hominem
520 1221 555 1285 iu
570 1223 702 1305 proclivi
724 1223 793 1286 fore
815 1222 946 1286 fallere:
970 1222 1120 1286 adversus
1136 1223 1301 1308 diligentis
1318 1246 1391 1287 vero

248 1329 281 1389 et
304 1325 549 1407 circumspectos
572 1328 604 1388 et
630 1324 841 1388 exsultantis³
868 1323 982 1406 opibus
1007 1323 1136 1387 fraudes
1166 1327 1198 1388 et
1226 1324 1390 1409 captiones

248 1431 280 1491 et
302 1427 437 1490 insidiae
460 1429 626 1509 parantur.
672 1426 722 1489 Ita
744 1426 846 1489 ferme
868 1425 1076 1509 neglegentia
1100 1428 1285 1510 contemptu
1307 1429 1390 1490 tuta-

173 1545 183 1559 *
249 1530 330 1612 turl,
355 1528 524 1613 diligentia
546 1530 619 1591 astu
642 1530 878 1613 oppugnatura.

333 1630 377 1696 Et
399 1629 512 1695 erratis
535 1630 743 1714 neglegentia
765 1630 860 1692 venia
875 1628 1019 1711 paratior
1034 1629 1127 1691 datur
1142 1630 1175 1691 et
1194 1628 1390 1693 benefactis⁵

248 1733 382 1818 gratiis6
404 1732 510 1816 gratia
532 1731 677 1794 habetur.
693 1730 801 1802 ,Nam
823 1732 951 1814 praeter
973 1729 1156 1812 opinionem
1178 1731 1308 1814 gratum
1331 1735 1389 1814 est,

234 1837 426 1916 ¹ceterarum
454 1854 559 1897 rerum
587 1833 812 1916 indiligentem
837 1830 1047 1895 benefacere
1074 1831 1109 1894 in
1136 1833 1279 1914 ternpore
1306 1831 1392 1897 haud

247 1935 437 2019 neglexisse.

332 2036 401 2100 lam
416 2035 495 2100 illud
518 2057 537 2098 a
558 2037 661 2120 poetis
683 2036 849 2099 saeculum
871 2055 1002 2098 aureum
1024 2037 1244 2118 memoratum,
1268 2035 1295 2098 si
1319 2057 1390 2099 cum

249 2137 356 2202 animo
379 2141 516 2221 reputes,
540 2137 710 2222 intellegas
733 2135 959 2221 neglegentiae
982 2134 1144 2199 saeculum
1164 2135 1295 2219 fuissel,
1320 2158 1392 2200 cum

249 2261 326 2324 ager
351 2239 560 2324 negl⁷leotus
588 2228 712 2302 fructus
740 2239 853 2302 uberes
880 2238 994 2319 ferret,
1024 2237 1193 2320 omniaque
1220 2237 1391 2301 utensilia‘3

247 2340 494 2426 neglegentibus
521 2338 609 2403 nullo
637 2340 768 2423 negotio
797 2339 1026 2422 suppeditaret.
1071 2337 1169 2402 Hisce
1192 2339 1391 2423 argumentis

247 2442 456 2528 neglegentia
477 2443 561 2506 bouc
584 2462 701 2526 genere
724 2445 812 2523 nata,
838 2442 906 2505 disl
922 2442 1066 2522 accepta,
1095 2440 1295 2524 sapientibus
1319 2462 1392 2523 pro-

247 2545 333 2628 bata,
358 2544 511 2608 virtutum
538 2543 710 2628 particeps,
740 2542 960 2627 indulgentiae
981 2542 1148 2626 magistra,
1176 2545 1247 2606 tuta
1275 2542 1316 2605 ab
1343 2542 1391 2605 in-

246 2646 346 2729 sidiis,
370 2649 526 2731 grataque
549 2646 758 2728 benefactis,
788 2648 940 2710 excusata
959 2643 1097 2728 ingratis
1108 2646 1131 2683 ¹⁰
1155 2647 1187 2708 et
1209 2643 1249 2707 ad
1270 2647 1390 2727 postre-

247 2770 333 2812 mum
349 2769 444 2812 aurea
460 2747 651 2812 declaratur.
681 2747 820 2812 Mollec¹¹
839 2748 877 2811 de
893 2745 1075 2810 Favorini¹²
1090 2746 1193 2809 nostri
1216 2745 1390 2830 pigmentis

246 2850 313 2914 fuci
335 2849 482 2933 quisnam
506 2849 771 2934 appingeremus?
793 2848 894 2913 Licet.
919 2847 965 2912 Ut
986 2868 1129 2932 quaeque
1151 2846 1265 2910 mulier
1287 2847 1391 2931 magis

247 2951 329 3014 facie
351 2951 435 3037 freta
457 2953 515 3033 est,
537 2950 585 3013 ita
606 2950 733 3014 facilius
757 2954 863 3015 cutem
885 2953 918 3013 et
940 2949 1090 3033 capillum
1112 2949 1301 3035 neglegere,
1325 2949 1391 3033 ple-

247 3053 353 3136 risque
376 3056 493 3135 autem,
518 3055 554 3115 ut
576 3074 644 3116 sese
659 3074 857 3136 magnopere
873 3053 1039 3133 exornent,
1064 3050 1246 3116 diffidentia
1267 3052 1390 3115 formae

247 3153 435 3239 diligentiae
457 3153 634 3217 inlecebras
658 3154 788 3217 creari0.

332 3342 349 3379 a
366 3329 400 3378 la
418 3328 541 3390 marciae:
560 3321 755 3390 Negligentiae
774 3322 936 3389 contemptu
953 3335 986 3359 -·
1004 3321 1191 3390 oppugnatur.

331 3410 349 3462 b
368 3414 401 3463 In
418 3414 544 3477 margine:
563 3406 710 3461 Saeculum
731 3406 800 3460 illud
818 3423 933 3460 aureum
955 3405 1096 3459 saeculum
1112 3405 1309 3473 neglegentiae
1328 3405 1388 3459 fuit.

332 3512 346 3549 c
365 3498 398 3547 In
415 3498 541 3561 rizarpr'ne:
559 3491 722 3545 Diffidcntia
743 3492 850 3545 formae
868 3489 1030 3558 diligentiae
1048 3488 1217 3543 inlecebram
1235 3488 1331 3543 creari.

247 3594 449 3603 ..-——-——-

333 3632 396 3685 lln
428 3629 529 3685 Codice
557 3629 600 3682 est
627 3626 832 3696 dittographia:
874 3631 1056 3695 neplepentium
1088 3631 1167 3693 napis
1198 3630 1320 3694 perieulis
1348 3630 1390 3680 cb-

247 3723 349 3772 noxium
367 3736 423 3771 esse
442 3735 546 3784 numque
564 3719 744 3781 neglegentiae.

331 3802 424 3855 2Im0
442 3806 488 3854 oli.
524 3804 698 3865 Heindorfius.

331 3884 537 3953 3Schopenus:
569 3885 731 3945 excubantes,
760 3879 821 3934 coll.
849 3881 951 3936 Lucan.
975 3880 1021 3933 IX.
1048 3885 1097 3934 909
1120 3881 1149 3933 et
1170 3878 1324 3934 Markland.
1353 3879 1389 3933 ad

217 4023 219 4029 .
247 3970 316 4025 Stat.
337 3969 498 4023 snalla
519 3972 575 4022 130.

330 4060 347 4107 4
364 4053 557 4108 Berolinenses
574 4051 691 4105 laudant
708 4050 778 4104 Non.
799 4056 822 4103 7.
843 4056 875 4104 70
892 4068 919 4119 p.
938 4054 988 4104 416
1005 4048 1034 4102 in
1052 4068 1076 4103 v.
1097 4060 1189 4103 11111111.

331 4146 347 4193 5
366 4137 471 4193 Codex:
494 4141 610 4203 defectis.

331 4228 347 4275 6
366 4221 406 4276 Cf.
425 4222 514 4276 Bentl.
535 4221 571 4275 ad
583 4219 695 4274 Terent.
708 4219 826 4288 Adelph.
839 4219 884 4273 IV.
898 4225 921 4274 7.
935 4225 976 4273 96,
1002 4222 1191 4274 Berolr'nenses.
1215 4217 1388 4272 Ecksteinius

248 4307 326 4364 addit
335 4305 566 4373 Ritschl.Prolcg.
580 4304 669 4359 Plaut.
682 4303 757 4357 Trin.
771 4322 798 4371 p.
807 4303 895 4358 CLXI.
909 4303 1156 4371 VerumHauptius
1166 4302 1272 4357 mavult
1279 4309 1388 4369 peritior.

332 4398 346 4445 ‘l
364 4389 465 4459 incipit
483 4388 548 4443 Cod.
567 4406 594 4458 p.
615 4393 673 4442 229.

331 4482 347 4530 8
366 4474 470 4529 Codex:
489 4484 562 4527 alens
578 4479 628 4527 ille.

332 4568 347 4615 9
366 4559 432 4613 Cod.
451 4575 494 4626 pr.
513 4575 548 4610 m.
567 4562 631 4612 deis.

317 4652 348 4700 10
366 4642 492 4698 Correxit
510 4647 605 4696 erratis
622 4641 817 4695 Buttmannus.

317 4735 347 4784 11
366 4728 455 4782 Aliter
473 4726 613 4796 supplevit
629 4725 728 4792 Maius,
747 4726 796 4781 sed
814 4723 905 4794 spatia
923 4726 952 4780 et
963 4723 1083 4793 vestigia
1100 4740 1153 4778 non
1173 4724 1350 4793 respondent.

317 4820 347 4867 1⁶2
364 4813 438 4867 Num
455 4809 607 4865 Favorinus
619 4810 766 4865 Frontonis
783 4809 927 4865 familiaris
944 4811 1054 4864 ἀδόξων
1072 4809 1198 4879 scriptor,
1218 4810 1288 4864 Gall.
1300 4810 1385 4865 XXll.

249 4903 298 4953 12?
331 4899 375 4951 An
392 4895 485 4965 potius
504 4894 603 4964 aliquis
620 4894 840 4963 pigmentarius?
875 4898 970 4951 Maian.
1005 4893 1069 4951 Vid.
1087 4893 1234 4948 Marresius
1252 4913 1279 4963 p.
1298 4901 1339 4948 42.
