3300 6050
595 1181 651 1260 M.
675 1177 995 1260 FRONTONIS

723 1348 883 1422 ARION.

315 1518 415 1582 Arion
449 1516 596 1598 Lesbius,
627 1515 761 1599 proinde
794 1515 878 1599 quod
912 1514 1106 1579 Graecorum
1133 1514 1285 1579 memoria
1313 1518 1372 1596 est,

231 1620 355 1684 cithara
382 1623 415 1684 et
443 1617 646 1702 dithyrambo
672 1618 793 1701 primus
800 1667 808 1699 ,
840 1615 1005 1698 Corinth0,
1040 1616 1094 1679 ubi
1123 1615 1292 1700 frequens¹
1325 1618 1373 1680 in-

231 1721 370 1802 colebat,
405 1721 579 1784 secundum
606 1722 775 1803 quaestum
801 1717 975 1802 profectus,
1009 1718 1137 1802 magnis
1169 1718 1290 1782 divitiis
1317 1741 1374 1802 per

230 1844 319 1886 oram
354 1821 482 1886 Siciliae
512 1824 607 1905 atque
640 1820 754 1884 Italiae
788 1820 910 1903 paratis
942 1818 1132 1907 (bunthum
1158 1819 1299 1883 Tarento
1326 1842 1374 1882 re-

230 1924 321 2008 gredi
345 1923 491 2006 parabat.
527 1922 636 1987 Socios
658 1922 784 1985 navalis
807 1921 991 1986 Corinthios
1013 1921 1214 2004 potissimum
1237 1922 1373 2007 delegit,

231 2047 340 2088 eorum
367 2046 483 2089 navem
511 2024 662 2087 audacter
690 2045 724 2087 re
756 2023 842 2086 bona
863 2022 1020 2086 maxime²
1040 2026 1175 2088 ‚onerat
1220 2023 1311 2087 Nave
1338 2025 1373 2087 in

230 2127 330 2190 altum
358 2128 508 2209 provecta
537 2125 688 2209 cognovit
715 2125 834 2206 socios,
864 2124 938 2208 qui³
959 2122 1131 2208 veherent,
1162 2125 1293 2208 cupidos
1318 2146 1373 2208 po-

229 2229 283 2291 tiri
291 2230 313 2310 ⁴,
344 2249 456 2292 necem
484 2226 545 2290 sibi
572 2225 762 2290 machinari.
806 2224 871 2289 Eos
899 2225 1068 2310 praecibus
1094 2225 1231 2309 fatigat,
1261 2248 1372 2289 aurum

229 2331 341 2394 onme⁵
364 2328 425 2392 sibi
447 2327 620 2409 haberent,
644 2350 742 2391 unam
764 2328 825 2391 sibi
848 2327 988 2390 animam
1010 2327 1163 2391 sinerent.
1198 2327 1371 2411 Postquam

210 2432 261 2494 'id
282 2431 402 2494 frustra
431 2429 546 2512 llorat,
577 2430 673 2493 aliam
700 2432 811 2492 tamen
838 2429 965 2492 veniam
993 2428 1193 2511 impetravit,
1223 2430 1257 2493 in
1285 2429 1372 2492 exitu

229 2534 313 2596 vitae
336 2533 492 2616 quantum
514 2531 640 2613 posset⁷
665 2533 820 2594 cantaret.
865 2529 903 2593 Id
929 2530 1106 2612 praedones
1135 2531 1170 2594 in
1198 2529 1287 2595 lucro
1317 2530 1372 2594 du-

230 2656 310 2716 cere,
339 2635 466 2716 praeter
495 2632 598 2715 spolia
625 2631 966 2696 summumartificem
995 2632 1115 2713 audire,
1145 2633 1234 2695 cuius
1262 2654 1372 2697 vocem

158 2818 160 2822 Ι
229 2743 394 2818 praeterea
415 2755 510 2797 nemo
531 2756 682 2818 umquam
704 2736 778 2817 post
805 2733 862 2796 illa
884 2734 1123 2797 autscultaretss.
1168 2733 1227 2797 Ille
1249 2737 1372 2798 vestem

228 2836 333 2899 induit
351 2858 432 2899 >auro
454 2836 612 2899 intextam
639 2836 779 2919 itemque
808 2834 965 2899 citharam
992 2835 1164 2919 insignem.
1210 2835 1291 2899 Turn
1314 2857 1372 2918 pro

228 2938 328 3020 puppi
357 2940 468 3020 aperto
494 2937 631 3000 maxime
655 2940 749 3020 atque
778 2937 864 3000 edito
885 2936 955 2999 loco
984 2937 1145 3020 constitit,
1175 2937 1269 3001 sociis
1297 2938 1372 3000 inde

229 3037 374 3101 consulto
395 3059 453 3120 per
475 3060 589 3101 navem
613 3039 772 3102 ceteram9
796 3039 958 3121 dispersis.
995 3038 1046 3101 lbi
1068 3040 1171 3103 Arion
1193 3040 1298 3104 studio
1323 3041 1371 3103 in-

228 3160 328 3222 penso
351 3142 482 3201 cantare
504 3139 628 3201 orditur
649 3138 773 3202 scilicet
794 3139 875 3201 mari
897 3142 931 3201 11
953 3138 1041 3202 01110
1064 3140 1143 3204 artis
1165 3162 1241 3205 suae
1263 3163 1370 3223 supre-

228 3262 315 3302 mum
338 3242 704 3303 commemoramentum.
744 3238 904 3303 Carminis
926 3239 990 3303 fine
1014 3262 1086 3303 cum
1108 3241 1204 3305 verbo
1226 3242 1261 3307 in
1282 3263 1370 3304 mare

228 3342 349 3405 desilit:
377 3340 547 3424 delphinus
576 3341 710 3425 excipit,
740 3340 908 3405 sublimem
931 3340 1050 3423 avehit,
1079 3343 1155 3406 navi
1182 3344 1368 3425 praevortit,

228 3442 373 3507 Taenaro
395 3443 537 3525 exponit,
561 3447 717 3527 quantum
732 3441 885 3526 delphino
900 3442 950 3505 fas
973 3446 1052 3526 erat,
1077 3444 1112 3507 in
1131 3444 1250 3507 extimo
1264 3444 1367 3508 litore.

228 3545 330 3608 Arion
363 3545 437 3608 inde
468 3542 658 3608 Corinthum
689 3544 918 3627 proficiscitur:
955 3547 987 3608 11
1019 3544 1114 3609 homo
1142 3549 1174 3610 et
1206 3547 1304 3609 vestis
1337 3549 1370 3609 et

229 3645 352 3708 cithara
379 3646 441 3709 et¹⁰
473 3668 532 3709 vox
561 3647 745 3711 incolumis:
779 3646 989 3710 Periandrum
1018 3668 1127 3730 regem
1155 3646 1367 3730 Corinthium,

228 3748 278 3810 cui
301 3769 358 3830 per
380 3751 482 3811 artem
510 3749 659 3833 cognitus
682 3752 893 3832 acceptusque
921 3749 975 3812 diu
1002 3749 1125 3831 fuerat,
1155 3748 1292 3812 accedit:
1320 3771 1367 3812 or-

227 3848 334 3912 dine¹¹
356 3853 513 3912 memorat
534 3871 601 3913 rem
623 3852 749 3934 gestam
775 3851 810 3913 in
833 3849 908 3913 navi
931 3853 963 3913 et
985 3854 1097 3934 postea
1118 3851 1152 3913 in
1168 3851 1259 3914 mari.
1298 3849 1367 3914 Rex

312 4075 325 4120 1
345 4067 425 4121 Cod:
442 4087 558 4137 sequena.

310 4151 440 4206 2Potius
457 4158 575 4207 maxima.
612 4158 786 4223 Heindorfius.
1067 4199 1071 4205 -

310 4243 325 4290 3
344 4235 424 4290 Cod:
444 4242 478 4305 1:1‘,
498 4237 662 4306 compendio
680 4238 708 4292 in
725 4240 779 4293 hoc
797 4239 898 4293 Codice
918 4238 1060 4309 singulari.

308 4321 386 4373 4111
405 4319 505 4374 Codex.

309 4409 325 4457 5
343 4404 448 4457 Codex:
468 4425 561 4462 omnes.
596 4406 683 4460 Recte
701 4407 790 4462 Maius
809 4428 888 4464 omne.

308 4494 323 4541 6
341 4487 442 4557 incipit
461 4487 526 4552 Cod.
542 4508 569 4559 p.
591 4496 647 4544 166.

307 4579 322 4627 7
342 4572 407 4626 Cod.
428 4573 518 4641 primo
535 4579 640 4641 possiet,
658 4575 707 4627 sed
725 4576 820 4629 statim
839 4580 995 4629 correctum
1010 4583 1100 4645 possit.

306 4661 322 4708 8
341 4655 396 4710 Sed
413 4674 466 4711 sec.
485 4674 521 4711 m.
540 4665 703 4713 auscultaret.

306 4748 322 4794 9
341 4740 425 4795 Cod.:
444 4746 575 4795 citharam.
612 4743 700 4796 Maius
719 4745 847 4798 correxit.

290 4830 322 4878 10
340 4825 426 4878 Addit
443 4825 540 4880 Maius.

291 4914 320 4960 ll
340 4909 419 4963 eod:
439 4916 559 4965 ordinem.
