3300 6050
342 865 392 919 AD
409 862 537 918 VERUM
553 861 674 917 IMPER.
692 859 881 917 AURELIUM
898 859 1090 915 CAESAREM
1105 859 1214 912 LIBER
1230 859 1250 912 Ι.
1335 858 1396 923 113

621 1305 691 1388 (Μ.
713 1307 1031 1389 FRONTONIS

330 1477 667 1552 EPISTULARUM
692 1477 758 1549 AD
784 1476 953 1548 VERUM
978 1475 1321 1579 IMPERATOREM

565 1596 816 1669 AURELIUM
842 1594 1095 1668 CAESAREM

690 1761 960 1847 truncia

673 1983 840 2068 (Domino
861 1981 984 2065 Meo.)¹

341 2172 347 2184 .
374 2171 379 2183 .
406 2171 411 2183 .
448 2119 506 2202 Sit,
531 2118 615 2202 quod
636 2118 738 2203 iubes,
763 2122 887 2183 rectum
908 2118 1046 2181 fortasse
1068 2118 1124 2182 sed
1147 2138 1267 2182 serum:
1296 2139 1400 2202 neque

255 2223 340 2286 enim
355 2221 473 2303 omnia,
497 2242 578 2304 quae
594 2221 677 2284 ratio
700 2220 853 2304 postulat,
879 2219 977 2283 etiam
989 2222 1083 2283 vaetas
1098 2220 1224 2283 tolerat.
1241 2259 1284 2269 —-
1298 2220 1353 2283 An
1364 2223 1400 2283 tu

214 2379 216 2386 A
256 2346 391 2406 cycnum
414 2344 508 2407 coges
530 2324 565 2387 in
585 2323 699 2388 ultima
716 2322 865 2386 cantione
882 2322 1045 2386 cornicum
1059 2320 1188 2385 voculas
1204 2320 1399 2386 aemularia2

293 2491 314 2525 a
373 2476 379 2488 .
405 2476 411 2488 .
437 2475 442 2487 .
492 2425 621 2508 ingenio
654 2424 851 2508 discrepanti
887 2424 1055 2488 iuberesne
1094 2445 1145 2486 me
1190 2424 1252 2487 niti
1287 2426 1399 2487 contra

254 2529 412 2608 naturam,
438 2526 568 2590 adverso
591 2526 675 2609 quod
697 2526 789 2589 aiunt
810 2525 986 2589 fiumine3‘?
1030 2523 1122 2608 (trud,
1150 2525 1177 2588 si
1199 2526 1270 2608 quis
1291 2519 1399 2608 postu-

253 2627 345 2710 laret,
369 2631 406 2690 ut
427 2626 577 2690 Phidiasa
598 2627 721 2691 ludicra
749 2630 806 2691 aut
828 2625 998 2692 Canachus
1026 2627 1119 2690 deum
1147 2626 1318 2690 simulacra
1340 2624 1399 2688 fin-

254 2727 370 2814 geret?
403 2732 458 2793 aut
481 2727 619 2793 Calamis
641 2728 788 2793 Turena⁴
811 2734 867 2794 aut
888 2729 1092 2812 Polycletus⁵
1113 2726 1274 2792 Etrusca?
1317 2727 1400 2802 Quid

254 2831 281 2894 si
303 2830 529 2893 Parrhasium6
552 2830 742 2895 versicolora
763 2831 899 2917 pingere
921 2831 1062 2915 iuberet,
1093 2833 1148 2893 aut
1170 2828 1308 2913 Apellen
1329 2829 1399 2892 uni·

255 2933 369 3013 colora,
395 2935 450 2995 aut
472 2931 615 2996 Nealcen
637 2933 820 3016 magnifica,
854 2937 910 2996 aut
930 2932 1049 2997 Nician
1071 2933 1216 3014 obscura,
1247 2934 1303 2995 aut
1324 2931 1419 2995 Dios

253 3035 382 3117 nysium
409 3034 575 3116 inlustria,
612 3037 668 3096 aut
696 3033 847 3100 lascivia⁷
875 3035 1136 3120 Euphranorem,
1171 3037 1227 3097 aut
1248 3032 1399 3096 Pausiam

256 3133 469 3223 [plroelllia‘l8
518 3134 558 3197 ln
586 3135 710 3217 poetisb
739 3139 847 3199 autem
874 3136 945 3219 quis
974 3136 1106 3220 ignorat
1132 3139 1169 3199 ut
1196 3134 1327 3219 gracilis
1356 3135 1399 3197 sit

319 3358 322 3362 .
339 3322 355 3358 a
374 3280 407 3358 ln
424 3309 549 3372 margine:
569 3301 621 3367 Qui
636 3302 772 3357 artificum
791 3303 858 3371 quid
875 3303 973 3357 melius
996 3302 1098 3372 singuli
1115 3302 1239 3357 fecerint.
1276 3302 1399 3357 Fictores

253 3389 361 3443 nobiles
378 3388 492 3442 Phidias
512 3399 560 3441 etc.

337 3474 356 3527 b
375 3478 408 3526 In
426 3479 551 3566 margine:
570 3470 642 3535 Quid
659 3471 762 3542 singuli
779 3474 881 3542 poetae
899 3472 1044 3542 proprium
1061 3473 1175 3528 habent.

340 3649 352 3695 l
371 3642 484 3711 Ambigi
501 3644 595 3712 potest
613 3643 647 3696 dc
666 3643 730 3698 sede
748 3642 830 3696 huius
848 3643 1007 3711 fragmenti,
1026 3643 1101 3710 quod
1118 3641 1266 3711 legebatur
1278 3647 1402 3709 quatuor

253 3720 392 3797 prioribus
409 3726 519 3796 paginis
538 3726 645 3782 Codicis
662 3725 799 3781 Vaticani.
836 3726 973 3796 Equidem
990 3727 1019 3780 in
1037 3726 1144 3781 incerta
1161 3742 1191 3780 rc
1210 3728 1319 3780 secutus
1336 3744 1397 3779 sum

254 3812 441 3865 coniecturam
458 3811 525 3865 Maii
542 3811 618 3866 haud
634 3810 858 3880 improbabilem.

246 3965 259 3976 ι
337 3902 353 3949 a
370 3896 495 3964 Utraque
515 3896 653 3950 sententia
671 3912 687 3949 a
704 3896 778 3951 Maio
797 3895 936 3965 exscripta
954 3912 969 3949 e
986 3897 1113 3964 margine
1130 3913 1196 3965 pag.
1206 3902 1230 3962 a,
1247 3912 1313 3949 narn
1330 3896 1397 3950 tunc

252 3981 309 4034 iam
326 3980 401 4033 totus
420 3981 563 4034 contextus
581 3979 758 4033 oblitteratus
777 3981 846 4034 erat.
874 3979 974 4049 Incipit
992 3981 1057 4050 post
1074 3982 1144 4035 haec
1160 3998 1187 4049 p.
1203 3986 1225 4033 1.

337 4072 352 4119 3
370 4064 402 4116 In
419 4064 554 4132 margine,
573 4064 623 4117 ubi
641 4063 778 4119 sententia
795 4063 939 4133 repetitur,
958 4064 1073 4133 legitur:
1093 4070 1224 4120 iuteresse
1241 4070 1395 4134 meingodo

253 4154 423 4216 discrepante.
459 4151 555 4201 Maius.

335 4237 351 4284 4
370 4230 435 4285 Cod.
456 4248 509 4285 sec.
529 4250 565 4285 m.
585 4241 680 4286 turino.

336 4321 351 4368 ὅ
368 4316 401 4367 In
418 4316 545 4385 margine
564 4323 710 4386 Polyclitus.

336 4405 352 4452 6
370 4400 402 4452 In
420 4399 545 4468 margine
563 4400 621 4455 sine
639 4406 662 4455 Ιι.

336 4484 413 4538 tlta
431 4483 532 4538 Codex.

336 4573 351 4621 8
371 4567 450 4622 Carie
469 4585 550 4622 exesa
568 4572 610 4622 est
628 4570 688 4622 tum
706 4566 759 4623 hoc
771 4572 832 4623 tum
844 4570 905 4623 aliis
917 4570 985 4623 locis
996 4571 1161 4624 membrana
1172 4569 1252 4623 huius
1263 4570 1392 4638 paginae.

251 4652 287 4705 Et
311 4652 423 4719 quidem
446 4651 508 4706 heic
533 4654 653 4721 quatuor
671 4654 720 4708 aut
747 4653 868 4722 quinque
894 4654 1006 4708 litterae
1034 4654 1150 4708 amissae
1177 4653 1344 4707 videbantur·
1365 4653 1394 4705 in

251 4737 358 4802 lacuna,
380 4737 493 4806 praeter
510 4737 630 4792 incertas
653 4738 721 4791 duas
739 4755 808 4805 quas
825 4738 903 4792 uncis
920 4738 1024 4793 inclusi.
1061 4737 1165 4807 Scripsi
1183 4738 1277 4792 autem
1292 4744 1394 4805 proelia

250 4821 366 4890 propter
383 4820 572 4890 Euphranoris
593 4822 719 4876 tabulam
740 4822 841 4892 proclii
864 4823 1011 4893 equestria,
1039 4839 1122 4891 quam
1146 4823 1269 4877 celebrat
1291 4821 1394 4877 Plinius

251 4903 359 4958 XXXV.
380 4910 418 4958 11.
438 4924 500 4960 cum
515 4907 654 4962 Pausania
670 4908 692 4961 I.
705 4915 729 4963 3.
766 4912 861 4963 Maius.

289 5026 388 5062 FRONT·
402 5028 437 5061 ΕΤ
449 5028 550 5067 AUREL.
564 5029 654 5064 amar.
889 5053 892 5058 ⁴
1092 5026 1095 5033 '
1171 4996 1191 5058 8
