3300 6050
281 857 340 920 128
488 855 525 908 M.
540 853 710 910 CORNELII
727 853 934 909 PRONTONIS
952 855 1209 912 EPISTULARUM

281 1027 704 1110 ..vium,quemtuprae
729 1075 1169 1092 ..............
1197 1028 1420 1110 l¹.⁴.2..

278 1129 387 1191 asinus
416 1148 450 1191 er
480 1117 496 1190 ᾗ
513 1176 854 1191 ...........
880 1129 920 1191 ad
942 1129 1321 1212 summum'eloquentiae
1345 1180 1353 1194 .
1379 1181 1385 1193 .
1412 1181 1419 1195 .

280 1251 390 1292 ...se
406 1250 515 1293 eccum
533 1280 751 1293 .........
775 1252 905 1293 mamuu
920 1251 971 1294 res
992 1234 1067 1313 post
1088 1253 1124 1294 sa
1149 1281 1155 1294 .
1182 1281 1189 1294 .
1216 1281 1222 1294 .
1249 1282 1255 1295 .
1280 1254 1315 1295 re
1337 1254 1421 1295 surn-

277 1331 404 1394 mittere
430 1379 1002 1396 ..................
1030 1332 1055 1417 1²
1079 1383 1085 1395 .
1112 1383 1119 1395 .
1146 1383 1152 1395 .
1179 1383 1186 1395 .
1216 1332 1337 1397 frustra
1366 1333 1421 1397 sed

278 1433 318 1495 ad
342 1483 348 1496 .
368 1482 374 1495 .
398 1455 435 1496 us
457 1433 531 1496 fidei
555 1437 830 1496 commemoratae.
886 1431 1015 1497 Ceteros
1038 1455 1089 1497 ars
1113 1455 1151 1497 ac
1175 1484 1181 1497 .
1208 1483 1215 1497 .
1240 1434 1297 1497 das
1319 1456 1353 1497 re
1379 1485 1385 1496 .
1412 1485 1418 1497 .

278 1555 315 1597 ac
336 1556 411 1597 me.
432 1585 438 1596 .
456 1556 531 1618 opes
557 1556 670 1618 ..quo
687 1584 720 1597 ..
746 1535 841 1598 coniu
865 1585 872 1597 .
899 1584 905 1597 .
929 1535 1022 1600 binos
1045 1556 1183 1620 egenum
1204 1536 1419 1600 meminisses

331 1661 345 1686 υ
361 1634 422 1698 His
450 1639 484 1699 te
514 1636 671 1717 consiliis,
701 1636 899 1720 Imperator,
932 1659 951 1699 a
977 1637 1082 1720 prima
1109 1637 1248 1720 pueritia
1275 1640 1332 1701 tua
1353 1660 1420 1701 non

278 1739 380 1802 circus
402 1737 547 1820 profecto
568 1759 629 1800 nec
651 1737 768 1818 lorica,
793 1739 849 1801 sed
870 1737 944 1801 libri
967 1742 1000 1801 et
1021 1738 1203 1802 litterarum
1231 1739 1420 1823 disciplinae

276 1840 465 1904 inbuebant.
497 1838 577 1904 Oum
592 1838 694 1902 multa
710 1840 865 1902 eiusmodi
886 1839 1075 1902 consiliosa³
1097 1840 1242 1923 exempla
1264 1840 1299 1903 in
1322 1840 1419 1904 histo-

276 1941 332 2004 riis
356 1944 388 2004 et
408 1941 443 2003 in
471 1941 667 2005 orationibus
690 1940 869 2022 lectitares,
899 1941 939 2003 ad
967 1962 1035 2004 rem
1063 1941 1236 2005 militarem
1262 1943 1419 2026 magistra

277 2043 459 2126 eloquentia
481 2063 556 2104 usus
578 2041 664 2105 es4l‘.

361 2144 529 2208 Exercitus
555 2143 617 2206 tibi
645 2143 782 2207 traditus
812 2147 882 2207 erat
907 2144 1057 2207 luxuria5
1086 2146 1118 2207 et
1145 2145 1277 2209 lascivia
1300 2149 1333 2208 et
1354 2147 1419 2211 otio

277 2246 401 2309 diutino
430 2248 606 2328 corruptus.
657 2244 778 2309 Milites
805 2244 1000 2309 Antiochiae
1028 2246 1158 2309 adsidue
1185 2246 1336 2329 plaudere
1371 2246 1419 2310 hi-

277 2347 450 2411 strionibus
474 2333 628 2436 consficati,
652 2349 778 2430 saepius
800 2339 837 2410 iri
858 2368 989 2410 nemore
1009 2347 1134 2410 vicinae
1156 2349 1300 2432 ganeae⁶
1323 2369 1418 2430 quani
1531 2355 1534 2360 '

276 2449 334 2512 sub
358 2449 459 2533 signis
481 2448 595 2512 habiti.
640 2448 723 2531 Equi
745 2448 888 2511 incuria⁷
911 2447 1046 2531 horridi,
1071 2449 1194 2531 equites
1216 2449 1313 2512 volsi:
1346 2470 1419 2512 raro

275 2549 442 2613 brachium
464 2553 521 2614 aut
543 2571 614 2613 crus
630 2550 788 2613 militum⁸
809 2548 986 2613 hersutum.
1017 2549 1069 2612 Ad
1092 2549 1153 2613 hoc
1173 2551 1282 2613 vestiti
1305 2551 1418 2616 melius

276 2673 371 2734 quarn
394 2652 525 2715 armati:
554 2651 632 2715 adeo
654 2653 690 2714 ut
710 2651 760 2715 vir
781 2652 890 2735 gravis
913 2655 945 2714 et
966 2651 1082 2715 veteris
1105 2651 1294 2735 disciplinae
1316 2652 1418 2715 Laeli-

277 2774 357 2816 anus
379 2752 533 2816 Pontius9
555 2753 671 2815 loricas
693 2753 812 2836 partim
842 2759 950 2816 eorum
979 2753 1089 2837 digitis
1116 2753 1308 2835 primoribus
1336 2754 1418 2816 scin-

277 2854 380 2937 deret,
405 2875 501 2938 equos
523 2853 664 2937 pulvillis
683 2854 837 2918 instratos
860 2854 1145 2936 animadverteret3
1174 2853 1213 2933 {¹⁰
1239 2855 1327 2918 iussu
1351 2856 1418 2918 eius

277 2956 439 3019 cornicula
455 2959 620 3039 consecta,
645 2955 830 3018 asedilibus
852 2955 993 3039 equitum
1015 2955 1124 3039 pluma
1140 2956 1230 3039 quasi
1252 2957 1418 3019 anseribus

277 3059 414 3122 devolsa.
446 3058 546 3122 Pauci
567 3057 706 3121 militum
723 3079 839 3141 equum
853 3057 1035 3121 sublimibus
1049 3057 1183 3140 insilire,
1209 3059 1306 3121 ceteri
1322 3079 1418 3142 aegre

278 3161 374 3243 calce,
399 3181 495 3245 genu,
519 3160 641 3243 poplite
663 3180 789 3242 repere:
812 3157 899 3221 haud
913 3159 1007 3223 multi
1021 3158 1180 3222 vibrantis
1195 3158 1317 3241 hastas,
1342 3181 1419 3241 pars

276 3262 378 3325 maior
400 3262 468 3324 sine
496 3261 528 3323 vi
556 3263 588 3324 et
615 3261 739 3345 vigore,
770 3264 937 3345 tamquam
962 3260 1089 3342 laneas,
1117 3260 1233 3323 iacere.
1278 3260 1360 3323 Alea
1383 3262 1418 3323 in

277 3364 390 3427 castris
412 3364 597 3445 frequensc,
622 3384 751 3425 somnus
774 3384 912 3445 pernox,
936 3362 1041 3425 autin
1056 3362 1131 3425 vino
1146 3361 1269 3445 vigilia.
1299 3361 1418 3425 Huius-

362 3633 379 3669 a
397 3620 429 3669 In
447 3621 573 3685 marqine:
593 3614 739 3669 consiliose
757 3616 892 3685 exempla.

360 3700 379 3753 b
401 3705 431 3754 ln
449 3706 577 3769 nraryine:
596 3700 718 3754 adrem.
738 3717 774 3753 m.
794 3717 830 3753 m.
850 3698 1009 3765 eloquentia
1027 3701 1078 3752 est.

361 3803 376 3839 c
397 3790 428 3839 ln
445 3790 573 3853 rnarqine:
596 3784 699 3840 Forma
717 3781 868 3838 armeniaci
886 3782 1029 3837 exercitus.
1092 3844 1094 3848 ¹

363 3980 374 4026 1
396 3970 525 4038 Sequitur
544 3968 609 4025 Ood.
629 3972 756 4025 Ambros.
780 3988 807 4039 p.
827 3974 890 4035 414,
917 3986 989 4036 quae
1010 3968 1118 4023 interiit
1134 3971 1248 4038 praeter
1270 3969 1324 4022 duo
1343 3971 1417 4039 frag-

277 4058 372 4110 menta
388 4056 417 4109 in
435 4055 574 4123 margine,
594 4072 711 4121 quorum
728 4053 805 4124 prius
820 4054 936 4107 duorum
956 4055 1064 4109 tantum
1082 4054 1231 4107 verborum
1249 4056 1304 4119 est3
1324 4055 1418 4107 cetera

278 4141 314 4195 ad
332 4141 451 4195 alterum
468 4140 657 4209 fragmentum
674 4138 824 4208 pertinent.

361 4231 377 4277 2
395 4223 525 4292 Sequitur
543 4222 609 4280 Cod.
629 4223 757 4277 Ambros.
777 4240 803 4291 p.
823 4229 881 4277 413.

362 4317 377 4363 3
394 4308 427 4361 In
443 4308 486 4362 his
504 4308 610 4363 lacunis
626 4308 717 4361 latent
733 4323 829 4360 versus
848 4306 1010 4361 octodecim.

362 4392 500 4447 4Codex:
521 4405 566 4447 est.

362 4484 378 4531 5
395 4479 439 4531 Ita
458 4478 560 4531 Codex.
595 4476 697 4530 Maius:
716 4482 821 4529 inermia.

362 4562 477 4632 6Apud
494 4561 632 4630 Daphnen
649 4560 761 4634 scilicet.
789 4561 821 4613 cf.
842 4559 985 4613 Volcatius
1003 4560 1032 4613 in
1049 4561 1108 4615 vita
1126 4560 1215 4615 Cassii
1232 4578 1254 4616 c.
1269 4566 1293 4615 5.
1321 4566 1415 4614 Maias.

363 4652 377 4700 'r'
397 4646 463 4701 cod.
482 4664 524 4716 pr.
543 4662 580 4697 nr.
598 4651 728 4699 incuriam.
1389 4660 1394 4667 ·

362 4731 456 4785 80m.
475 4730 571 4783 Maius.

364 4822 379 4869 9
396 4815 437 4868 De
456 4829 489 4868 eo
508 4815 540 4868 cf.
560 4813 684 4883 inscript.
705 4831 749 4882 ap.
769 4813 848 4868 Grut.
867 4820 925 4868 457.
945 4821 969 4867 2.
1006 4818 1098 4868 Maias.

348 4906 379 4953 10
396 4898 527 4967 Sequitur
545 4896 610 4952 Ood.
630 4898 721 4952 Vatia
738 4917 764 4968 p.
787 4906 818 4953 15
831 4897 956 4954 ¹difficilis
974 4897 1055 4952 lectu.
