3300 6050
252 823 311 888 152
460 822 495 874 M.
511 820 679 875 CORNELII
697 817 903 898 FRONTONIS
921 817 1176 872 EPISTULARUM

249 993 314 1056 tius
343 989 547 1075 significabo:
579 992 619 1054 τὰ
646 991 737 1056 καινὰ
766 989 831 1054 κενὶ1
863 990 1029 1068 παράδοξα
1063 994 1128 1056 τῶν
1162 990 1390 1070 ἐνθυμημάτων

250 1093 503 1159 εἰ..πεαύτὰ
532 1096 685 1156 ulo...
714 1093 1017 1170 πεηπιθαν..δὲ
1044 1091 1081 1155 τὸ
1110 1093 1250 1156 οι..τὶ
1277 1094 1388 1157 καὶ..

221 1204 223 1207 ’
252 1216 328 1259 πειπ
356 1245 362 1258 .
391 1244 397 1257 .
443 1192 514 1256 Hoc
543 1214 602 1276 ego
632 1193 720 1256 anim
748 1243 754 1255 .
781 1242 787 1254 .
817 1191 916 1254 nullis
943 1192 1123 1256 rationibus
1152 1243 1159 1255 .
1185 1242 1191 1255 .
1226 1192 1326 1256 libera
1350 1244 1357 1256 .
1383 1245 1389 1256 .

250 1317 351 1359 rarus,
397 1294 485 1360 Scias
514 1293 615 1377 igitur
641 1294 676 1357 in
703 1292 764 1356 hoe
791 1314 855 1356 uuo
878 1293 1044 1357 eximiam²
1067 1293 1280 1376 eloquentiam
1302 1297 1390 1357 tuam

254 1397 409 1461 claudere.

335 1497 451 1562 Moneo
473 1497 574 1581 igitur
596 1496 740 1560 Marcum
767 1519 873 1560 meum
904 1497 1001 1560 etiam
1030 1500 1124 1580 atque
1154 1497 1266 1580 etiam,
1296 1501 1328 1562 et
1355 1502 1392 1561 ut

252 1598 435 1663 meminerit
477 1597 623 1680 obsecre,
669 1598 951 1681 quotienscumque
996 1599 1191 1678 ἀδοξότερον
1231 1599 1391 1679 ἐνθύμημα

251 1701 358 1765 animo
393 1700 592 1782 conceperis,
628 1699 735 1763 volvas
764 1698 860 1781 illud,
892 1699 1012 1762 temet³
1044 1700 1177 1763 diversis
1211 1703 1243 1763 et
1275 1701 1391 1768 variis⁴

251 1801 497 1885 figurationibus
519 1822 625 1864 verses
653 1803 853 1883 temptesque
876 1802 908 1862 et
928 1801 1034 1863 verbis
1056 1801 1232 1883 splendidis
1255 1801 1389 1864 excolas.

251 1903 336 1966 Nam
358 1925 439 1986 quac
461 1923 544 1965 nova
566 1905 599 1965 et
619 1902 788 1984 inopinata
810 1901 1014 1964 audientibus
1035 1904 1121 1984 sunt,
1145 1903 1322 1985 periculum
1344 1906 1392 1966 est

252 2003 314 2066 nisi
337 2005 493 2066 ornentur
515 2005 548 2067 et
568 2003 763 2087 figurentur,
787 2023 829 2066 ne
851 2002 1020 2066 videantur
1043 2004 1211 2066 absurdab.

338 2102 452 2169 Cetera
480 2104 587 2167 omnia
614 2103 674 2167 tibi
700 2104 736 2166 in
764 2103 946 2186 eloquentia
974 2103 1113 2185 expolita
1140 2105 1192 2167 et⁵
1220 2105 1393 2192 explanata

252 2208 338 2269 sunt.
384 2204 453 2269 Scis
475 2205 572 2269 verba
594 2226 761 2288 quaerere,
790 2203 853 2267 sois
875 2207 1002 2287 reperta
1023 2208 1110 2268 recte
1133 2205 1301 2288 collocare,
1331 2207 1393 2270 scis

254 2307 389 2371 colorem
411 2307 571 2370 sincerum
593 2305 762 2370 vetustatis
785 2305 990 2389 appingerec,
1014 2307 1184 2370 sententiis
1200 2310 1306 2370 autem
1321 2329 1392 2391 gra-

252 2407 390 2471 vissimis
425 2411 457 2472 et
483 2406 717 2471 honestissimis
746 2405 928 2470 abundaret
953 2456 1123 2471 ......
1151 2409 1292 2492 prq⁷ma
1320 2431 1393 2472 con-

253 2510 331 2572 ditio
354 2512 417 2591 est3
447 2509 501 2573 ubi
524 2509 622 2573 semel
643 2508 847 2592 patefactae8
869 2512 961 2590 sunt,
990 2508 1085 2571 facile
1114 2509 1262 2593 cognitae
1285 2511 1394 2594 negle-

253 2614 384 2695 guntur.
430 2609 600 2674 Contemni
629 2610 764 2693 denique
781 2600 824 2672 ‘et
850 2609 938 2673 nullo
967 2609 1087 2673 honore
1110 2632 1178 2675 esse
1200 2609 1328 2674 rhetora
1350 2611 1394 2674 vi-

254 2713 343 2794 deas,
367 2712 526 2776 observari
544 2715 651 2776 autem
666 2715 699 2775 et
713 2711 861 2774 omnibus
876 2711 991 2775 officiis
1010 2710 1070 2774 coli
1093 2711 1288 2794 dialecticos,
1312 2713 1394 2789 quod

254 2815 289 2877 in
312 2835 419 2876 eorum
441 2813 620 2877 rationibus
642 2834 766 2896 semper
781 2812 907 2876 obscuri
926 2812 1045 2895 aliquid
1061 2813 1272 2895 ettortuosil,
1297 2835 1395 2896 eoque

256 2916 294 2978 fit
320 2917 357 2977 ut
383 2915 539 2998 magistro
567 2914 742 2998 discipulus
764 2914 897 2977 haereat
919 2935 1044 2996 semper
1073 2915 1106 2977 et
1127 2913 1297 2996 inserviat,
1326 2915 1394 2978 vin·
1449 2957 1452 2962 -

257 3019 326 3080 otus
348 3015 511 3100 perpetuis
533 3015 881 3100 quibusdamvinculis
904 3015 1089 3079 attinentur.

340 3119 435 3181 Dicet
463 3118 592 3201 aliquis:
628 3122 665 3181 tu
691 3118 793 3202 igitur
820 3119 949 3201 praeter
972 3120 1094 3180 ceteros
1115 3117 1268 3181 nimiriun
1290 3119 1395 3182 verbis

256 3219 399 3302 pulchris
422 3222 454 3282 et
475 3220 657 3303 insignibus
679 3220 779 3284 uteris
788 3219 837 3281 ¹⁰?
860 3240 920 3302 ego
935 3218 1031 3281 immo
1046 3217 1229 3302 volgaribus
1252 3221 1285 3282 et
1306 3220 1395 3282 obso-
1464 3276 1468 3280 .

255 3320 339 3384 letis.
385 3318 468 3394 Quid
494 3321 595 3405 igitur
623 3320 695 3384 est?
727 3320 790 3383 nisi
818 3319 904 3383 istud
932 3320 1046 3382 saltem
1074 3320 1204 3401 scirem,
1233 3320 1394 3383 deteriori-

256 3421 315 3484 bus
338 3425 453 3486 uterer.

341 3626 359 3662 a
377 3613 410 3661 In
427 3612 552 3675 marqine:
576 3605 654 3659 Mire.

341 3693 360 3745 b
379 3698 412 3746 In
429 3696 554 3759 maraine:
572 3690 644 3744 Nam
662 3722 694 3728 -
713 3689 841 3745 absurda.

343 3794 358 3830 c
377 3782 409 3830 In
426 3781 554 3844 maraine:
573 3774 701 3837 Colorem
717 3806 750 3813 -
768 3774 929 3843 appingere.

344 3937 357 3983 1
376 3929 465 3983 Maius
486 3928 557 3996 legit
577 3929 620 3981 τά.
658 3926 758 3981 Cetera
780 3942 866 3993 usque
889 3926 925 3979 ad
942 3932 1061 3979 claudere
1079 3925 1210 3980 interiere
1228 3943 1317 3994 neque
1336 3944 1398 3980 con-

260 4015 333 4069 ferre
350 4013 436 4069 licuit.

344 4106 359 4152 2
379 4097 444 4152 Cod.
464 4097 573 4151 videtur
592 4103 706 4151 culmum.
732 4095 858 4149 Correxit
876 4094 1052 4159 Niebuhrius

343 4183 419 4239 aAn
442 4189 526 4237 volvos
548 4188 610 4236 illud
632 4194 718 4240 tecum,
753 4185 927 4244 Heindorfius.
964 4177 1111 4246 Ingeniosa
1137 4179 1286 4248 Hauptius:
1316 4187 1399 4235 volvas

259 4276 321 4323 illud
337 4266 488 4322 identidem
507 4268 536 4320 et
553 4272 668 4321 dr'versis.
994 4287 1003 4293 “

239 4400 242 4404 ,
344 4359 360 4406 4
378 4353 439 4406 Duo
457 4352 594 4405 vocabula
611 4368 655 4419 ap.
674 4348 778 4402 Maium
796 4348 930 4402 excidere.

346 4442 361 4490 5
379 4434 498 4504 Reliqua
516 4434 641 4489 evanida.
677 4433 845 4487 Niebuhrius
862 4433 968 4486 mavult
986 4437 1117 4501 expedita.

282 4543 284 4547 ¹
346 4519 582 4575 ssBerolinenses:
601 4518 726 4573 abundas.

346 4604 478 4673 ancipit
496 4603 562 4657 Cod.
580 4622 608 4672 p.
628 4608 685 4657 376.

346 4697 361 4743 8
380 4691 423 4743 Ita
441 4688 545 4753 Codex;
563 4688 646 4741 aliter
662 4686 759 4740 Maius.

245 4779 247 4784 ’
280 4792 282 4796 ’
346 4774 465 4828 9Dcest
484 4772 514 4825 in
532 4771 632 4825 Codice
649 4776 691 4827 sir.

331 4866 362 4913 10
381 4858 486 4911 Codex:
505 4867 584 4919 utens,
605 4854 679 4923 quod
698 4854 818 4909 correxit
835 4853 1010 4908 Niebuhrius.
