3300 6050
439 877 488 932 AD
506 876 542 932 Μ.
558 876 750 934 CAESAREM
767 877 813 930 ΕΤ
833 875 985 932 INVICEM
1001 875 1110 931 LIBER
1127 875 1160 929 V.
1332 876 1374 941 89

233 1048 344 1134 grum¹
369 1049 482 1132 redigi,
507 1071 544 1113 ac
566 1071 624 1133 pro
646 1052 679 1112 te
701 1049 828 1134 tuisque
851 1071 888 1112 ac
910 1048 1046 1111 liberum
1060 1051 1188 1110 tuorum
1203 1047 1374 1110 commodis

231 1151 426 1215 insolutum²
449 1151 585 1235 dependi
607 1154 724 1234 potest.
749 1150 782 1215 Si
804 1150 900 1214 facile
921 1149 1048 1233 ingredi
1070 1170 1206 1232 possem,
1230 1147 1283 1211 hic
1305 1151 1375 1211 erat

233 1254 299 1317 dies
322 1275 383 1337 quo
407 1253 603 1336 cumprimis
628 1251 785 1336 conplecti
808 1256 840 1315 te
864 1273 1026 1335 cuperem:
1056 1250 1110 1313 sed
1138 1248 1374 1314 concedendum

217 1357 282 1419 *est
303 1354 437 1438 pedibus
465 1355 602 1436 scilicet,
632 1355 759 1437 quando
787 1354 849 1438 ipsi
876 1375 989 1436 parum
1010 1353 1197 1435 procedunt.
1241 1351 1313 1434 Ego
1336 1350 1374 1412 de

234 1478 388 1541 aquarum
409 1478 468 1519 usu
491 1456 630 1519 delibero
638 1457 658 1519 ³.
683 1455 717 1520 Si
741 1456 858 1520 certius
881 1454 957 1538 quid
980 1444 1131 1540 statuero,
1155 1453 1274 1517 faciam
1295 1452 1393 1514 tibi⁴¹

232 1561 354 1620 notum.
398 1556 479 1621 Vale
508 1560 552 1621 mi
580 1556 717 1621 Domine
740 1557 930 1621 dulcissime.
975 1555 1162 1618 Faustinam
1184 1557 1274 1618 tuam
1295 1554 1374 1617 meis

232 1659 356 1723 verbeis
380 1659 506 1743 appella
529 1662 561 1723 et
582 1661 756 1744 gratulare,
781 1662 813 1722 et
832 1661 995 1722 matronas
1017 1661 1144 1721 nostras
1159 1679 1229 1721 meo
1244 1657 1374 1720 nomine

233 1760 425 1844 exosculare,
451 1763 515 1842 sed,
539 1762 587 1824 uti
616 1783 675 1846 ego
703 1762 798 1846 selec,
830 1784 901 1825 cum
928 1760 1049 1848 plantis
1075 1759 1138 1823 illis
1162 1763 1194 1823 et
1215 1757 1373 1822 manibus.

232 1863 404 1927 Dominam
427 1863 539 1928 saluta.

441 2017 581 2099 XLIII.
605 2034 662 2099 58.
695 2035 867 2117 Magistro
886 2035 962 2100 Meo
986 2031 1161 2102 Salutem.
1224 2094 1228 2104 s

318 2168 428 2234 Salvos
452 2173 519 2234 esto
534 2171 636 2252 nobis,
661 2171 748 2234 salva
770 2172 813 2234 sit
828 2171 1041 2235 ribitdomus
1056 2175 1123 2253 tua,
1147 2171 1235 2234 salva
1249 2172 1375 2252 nostra3

233 2294 313 2354 quae
342 2273 369 2335 si
398 2272 540 2335 animum
567 2275 712 2338 nostrum
736 2277 872 2357 spectes,
906 2296 971 2336 una
1006 2276 1054 2338 est
1089 2273 1229 2336 domus³.
1274 2271 1375 2335 Recte

233 2374 298 2437 scio
322 2377 438 2456 autem,
464 2374 491 2436 si
513 2374 563 2437 vel
585 2374 757 2438 difficulter
778 2375 906 2460 ingredi
928 2397 1048 2458 posses,
1080 2376 1251 2438 venturum
1279 2376 1312 2438 te
1335 2373 1375 2437 ad

232 2496 291 2539 nos
313 2475 421 2538 fuisse.
468 2474 529 2539 Sed
551 2477 659 2539 venies
688 2498 781 2561 saepe
810 2480 843 2540 et
865 2478 971 2539 tecum
1000 2475 1240 2558 celebrabimus,
1270 2474 1297 2537 si
1325 2474 1375 2538 dei

232 2576 351 2658 volent,
375 2577 483 2656 omnia
509 2577 593 2640 festa
618 2581 737 2642 nostra.
775 2576 857 2642 Vale
884 2579 929 2642 mi
956 2579 1111 2662 magister
1136 2575 1373 2640 iucundissime.

233 2677 338 2741 Mater
359 2700 429 2743 mea
451 2681 484 2741 te
506 2679 634 2744 salutat.
1445 2669 1453 2675 ’

561 2849 769 2923 muta
797 2851 949 2919 llomino
967 2852 1054 2919 Meo.

316 2983 411 3048 Pueri
435 2986 510 3049 dum
538 3008 554 3049 e
576 2986 699 3051 balneis
722 3011 772 3054 me
795 2988 917 3071 sellula,
948 2992 985 3052 ut
1014 2988 1169 3073 adsolent,
1199 2988 1372 3072 advehunt,

231 3087 456 3169 inprudentius
480 3088 519 3150 ad
535 3089 652 3152 ostium
667 3090 774 3154 balnei
789 3091 917 3155 fervens
940 3090 1141 3155 adflixerunt.
1171 3090 1221 3155 lta
1236 3091 1375 3175 genumb

232 3188 311 3250 mihi
334 3189 427 3251 simul
456 3189 623 3253 abrasumc
646 3192 669 3276 ,a
691 3195 723 3255 et
751 3194 933 3256 ambustum
966 3195 1028 3255 est:
1063 3196 1174 3275 postea
1202 3194 1299 3256 etiam
1326 3194 1374 3255 in-

214 3290 348 3373 ‘guamd
372 3312 410 3353 ex
433 3291 538 3355 ulcere
560 3294 695 3356 cxt'tit7.
731 3294 844 3357 Visum
866 3295 997 3357 medicis
1020 3297 1056 3356 ut
1077 3293 1267 3358 lectulo'me
1287 3298 1375 3357 tene-

232 3413 308 3453 rem.
354 3390 449 3455 Hanc
475 3415 618 3477 causam,
649 3396 675 3457 si
698 3395 757 3459 tibi
780 3397 954 3479 videbitur,
991 3396 1087 3459 etiam
1109 3396 1247 3460 Domino
1269 3396 1375 3480 patri⁸

232 3495 287 3555 tuo
310 3493 477 3578 iudicabis
503 3496 529 3558 si
551 3499 660 3559 tamen
683 3497 851 3563 videbitur.
889 3498 998 3561 Etiam
1022 3520 1091 3562 cras
1117 3497 1196 3560 mihi
1219 3498 1374 3560 adsisten-

232 3594 307 3656 dum
330 3595 390 3657 erit
411 3596 574 3661 familiari.
619 3597 783 3663 Hodierno
801 3587 903 3684 igitur
928 3601 993 3663 otio
1016 3603 1049 3663 et
1070 3599 1176 3684 quiete
1198 3599 1301 3662 labori
1323 3620 1374 3663 me

236 3724 422 3734 ——---...-.--

317 3785 334 3820 a
351 3772 385 3820 In
402 3772 526 3834 marpine:
546 3765 628 3821 Salva
647 3768 683 3821 sit
703 3802 851 3808 *‹-——
871 3770 913 3823 est
929 3769 1035 3823 domus.

317 3852 335 3904 b
356 3856 388 3904 In
406 3857 530 3919 rnarpine:
549 3852 609 3905 Hoc
627 3868 738 3921 genum,
755 3852 837 3905 huius
855 3870 949 3921 genus.

317 3941 385 3989 cIn
403 3941 526 4003 margine:
550 3936 657 3991 Cenum
674 3938 743 3990 mihi
761 3938 899 3992 abrasum.
938 3939 1069 4009 Superius
1092 3939 1143 3993 ait:
1170 3957 1256 4008 genus
1278 3938 1374 3994 dolore

233 4021 360 4089 arreptus
378 4039 445 4074 sum.

318 4104 336 4157 d
354 4110 388 4158 In
405 4112 529 4174 mtupz'ne:
548 4107 664 4175 Inguem
681 4125 732 4177 pro
751 4108 862 4177 inguen.

319 4263 331 4309 1
351 4256 410 4311 Sec.
429 4276 465 4311 m.
485 4259 602 4313 fortasse
620 4266 646 4313 in
664 4267 800 4330 intepreta-
823 4262 872 4316 sed
888 4281 985 4331 prsm.
1006 4264 1081 4318 certe
1100 4264 1174 4332 quod
1194 4235 1266 4317 dedi.
1309 4263 1375 4321 Mox

232 4363 293 4397 aero
311 4358 362 4411 pro
381 4363 412 4395 ac
427 4363 486 4410 pro.
737 4362 739 4365 ’

317 4426 394 4479 alta
413 4425 554 4482 evidenter
573 4428 673 4483 Codex.
712 4429 860 4499 Ceteroqui
874 4432 984 4485 malim:
1003 4439 1160 4488 insolidum.
1198 4438 1293 4488 Μαίιιε.

318 4520 332 4565 3
352 4511 456 4565 Codex:
476 4518 696 4581 concidendam,
715 4515 763 4568 sed
781 4531 846 4569 mor
865 4518 978 4570 correct.

316 4602 332 4649 4
351 4595 566 4665 Superadditum
583 4599 612 4651 in
631 4598 738 4653 Codice.

316 4687 331 4735 5
350 4680 454 4734 Codex:
473 4687 582 4749 satirici,
602 4683 651 4737 sed
669 4699 734 4737 mox
752 4685 866 4739 correct.

316 4771 331 4817 6
348 4764 449 4835 Incipit
467 4766 532 4820 Cod.
551 4767 615 4822 Vat.
633 4787 661 4837 p.
675 4775 729 4823 100.

316 4856 330 4903 7
349 4850 456 4919 Nempe
475 4852 617 4920 eleganter
636 4856 761 4925 exemplo
774 4855 880 4924 Lucilii,
899 4858 932 4911 cf.
947 4857 1043 4914 Festus
1061 4876 1085 4911 v.
1101 4862 1186 4914 Ταιηα.

316 4938 332 4987 8
352 4933 417 4990 Cod.
436 4954 478 5005 pr.
498 4955 533 4992 m.
553 4950 638 5007 patre.
