<?xml version="1.0" encoding="UTF-8"?>
<!DOCTYPE html PUBLIC "-//W3C//DTD XHTML 1.0 Transitional//EN"
    "http://www.w3.org/TR/xhtml1/DTD/xhtml1-transitional.dtd">
<html xmlns="http://www.w3.org/1999/xhtml" xml:lang="en" lang="en">
 <head>
  <title>
</title>
<meta http-equiv="Content-Type" content="text/html;charset=utf-8" />
  <meta name='ocr-system' content='tesseract 3.04.00' />
  <meta name='ocr-capabilities' content='ocr_page ocr_carea ocr_par ocr_line ocrx_word'/>
</head>
<body>
  <div class='ocr_page' id='page_1' title='image "./mcorneliifronto00frongoog/mcorneliifronto00frongoog_0291.png"; bbox 0 0 3300 6050; ppageno 0'>
   <div class='ocr_carea' id='block_1_1' title="bbox 602 896 1367 964">
    <p class='ocr_par' dir='ltr' id='par_1_1' title="bbox 602 896 1367 964">
     <span class='ocr_line' id='line_1_1' title="bbox 602 896 1367 964; baseline 0.017 -13"><span class='ocrx_word' id='word_1_1' title='bbox 602 898 801 952; x_wconf 84' lang='lat' dir='ltr'><strong>EPISTULAE</strong></span> <span class='ocrx_word' id='word_1_2' title='bbox 820 896 997 951; x_wconf 79' lang='lat' dir='ltr'>GRAECAE.</span> <span class='ocrx_word' id='word_1_3' title='bbox 1306 898 1367 964; x_wconf 82' lang='lat'>251</span> 
     </span>
    </p>
   </div>
   <div class='ocr_carea' id='block_1_2' title="bbox 198 1069 1373 2993">
    <p class='ocr_par' dir='ltr' id='par_1_2' title="bbox 198 1069 1373 2993">
     <span class='ocr_line' id='line_1_2' title="bbox 227 1069 1369 1153; baseline -0.005 -14"><span class='ocrx_word' id='word_1_4' title='bbox 227 1095 286 1140; x_wconf 90' lang='grc' dir='ltr'>νον</span> <span class='ocrx_word' id='word_1_5' title='bbox 314 1074 563 1153; x_wconf 82' lang='grc' dir='ltr'>παραςκευάζοι,</span> <span class='ocrx_word' id='word_1_6' title='bbox 592 1073 704 1151; x_wconf 82' lang='grc' dir='ltr'>ἕτερον</span> <span class='ocrx_word' id='word_1_7' title='bbox 734 1073 769 1136; x_wconf 84' lang='grc' dir='ltr'>δὲ</span> <span class='ocrx_word' id='word_1_8' title='bbox 797 1071 932 1136; x_wconf 83' lang='grc' dir='ltr'>ἐπαίνου</span> <span class='ocrx_word' id='word_1_9' title='bbox 960 1072 1151 1152; x_wconf 89' lang='grc' dir='ltr'>ἀποςτεροίη</span> <span class='ocrx_word' id='word_1_10' title='bbox 1181 1070 1222 1134; x_wconf 86' lang='grc' dir='ltr'>οὐ</span> <span class='ocrx_word' id='word_1_11' title='bbox 1251 1069 1369 1135; x_wconf 90' lang='grc' dir='ltr'>δίκαιός</span> 
     </span>
     <span class='ocr_line' id='line_1_3' title="bbox 228 1173 1369 1260; baseline -0.004 -19"><span class='ocrx_word' id='word_1_12' title='bbox 228 1174 366 1260; x_wconf 72' lang='grc' dir='ltr'>[ἑςτινΓ.</span> <span class='ocrx_word' id='word_1_13' title='bbox 398 1176 439 1240; x_wconf 80' lang='lat' dir='ltr'>(t</span> <span class='ocrx_word' id='word_1_14' title='bbox 462 1177 497 1239; x_wconf 81' lang='grc' dir='ltr'>δὲ</span> <span class='ocrx_word' id='word_1_15' title='bbox 519 1176 640 1255; x_wconf 90' lang='grc' dir='ltr'>μεγάλα</span> <span class='ocrx_word' id='word_1_16' title='bbox 662 1178 752 1253; x_wconf 86' lang='grc' dir='ltr'>δῶρα</span> <span class='ocrx_word' id='word_1_17' title='bbox 768 1174 921 1252; x_wconf 90' lang='grc' dir='ltr'>πέμπων,</span> <span class='ocrx_word' id='word_1_18' title='bbox 945 1181 1048 1258; x_wconf 83' lang='grc' dir='ltr'>ςαυτῷ</span> <span class='ocrx_word' id='word_1_19' title='bbox 1072 1177 1129 1254; x_wconf 82' lang='grc' dir='ltr'>μὲν</span> <span class='ocrx_word' id='word_1_20' title='bbox 1152 1173 1287 1240; x_wconf 84' lang='grc' dir='ltr'>ἔπαινον</span> <span class='ocrx_word' id='word_1_21' title='bbox 1310 1195 1369 1238; x_wconf 93' lang='grc' dir='ltr'>πα-</span> 
     </span>
     <span class='ocr_line' id='line_1_4' title="bbox 226 1275 1370 1359; baseline -0.002 -17"><span class='ocrx_word' id='word_1_22' title='bbox 226 1278 426 1359; x_wconf 83' lang='grc' dir='ltr'>ραςκευόζεις</span> <span class='ocrx_word' id='word_1_23' title='bbox 442 1278 487 1342; x_wconf 89' lang='grc' dir='ltr'>ώς</span> <span class='ocrx_word' id='word_1_24' title='bbox 501 1276 759 1356; x_wconf 72' lang='grc' dir='ltr'>μεγαλοφρόνως</span> <span class='ocrx_word' id='word_1_25' title='bbox 775 1275 995 1356; x_wconf 84' lang='grc' dir='ltr'>χαριζόμενος,</span> <span class='ocrx_word' id='word_1_26' title='bbox 1016 1277 1072 1355; x_wconf 80' lang='grc' dir='ltr'>ἐμὲ</span> <span class='ocrx_word' id='word_1_27' title='bbox 1087 1278 1122 1341; x_wconf 80' lang='grc' dir='ltr'>δὲ</span> <span class='ocrx_word' id='word_1_28' title='bbox 1138 1275 1272 1342; x_wconf 81' lang='grc' dir='ltr'>ἐπαίνου</span> <span class='ocrx_word' id='word_1_29' title='bbox 1288 1275 1370 1340; x_wconf 84' lang='grc' dir='ltr'>ἀπο-</span> 
     </span>
     <span class='ocr_line' id='line_1_5' title="bbox 229 1377 1370 1462; baseline -0.004 -16"><span class='ocrx_word' id='word_1_30' title='bbox 229 1386 345 1462; x_wconf 88' lang='grc' dir='ltr'>ςτερεῑς</span> <span class='ocrx_word' id='word_1_31' title='bbox 376 1380 557 1461; x_wconf 90' lang='grc' dir='ltr'>προςίεςθαι</span> <span class='ocrx_word' id='word_1_32' title='bbox 591 1379 784 1459; x_wconf 82' lang='grc' dir='ltr'>βιαζόμενος.</span> <span class='ocrx_word' id='word_1_33' title='bbox 830 1379 965 1456; x_wconf 83' lang='grc' dir='ltr'>Δόξαιμι</span> <span class='ocrx_word' id='word_1_34' title='bbox 998 1379 1060 1457; x_wconf 86' lang='grc' dir='ltr'>γὰρ</span> <span class='ocrx_word' id='word_1_35' title='bbox 1091 1377 1167 1462; x_wconf 73' lang='grc' dir='ltr'>ἂνί2</span> <span class='ocrx_word' id='word_1_36' title='bbox 1194 1380 1245 1443; x_wconf 88' lang='grc' dir='ltr'>καί</span> <span class='ocrx_word' id='word_1_37' title='bbox 1273 1378 1370 1442; x_wconf 87' lang='grc' dir='ltr'>αὐτὸς</span> 
     </span>
     <span class='ocr_line' id='line_1_6' title="bbox 227 1481 1371 1563; baseline -0.004 -14"><span class='ocrx_word' id='word_1_38' title='bbox 227 1483 444 1563; x_wconf 79' lang='grc' dir='ltr'>μεγαλόφρων</span> <span class='ocrx_word' id='word_1_39' title='bbox 466 1483 506 1546; x_wconf 92' lang='grc' dir='ltr'>τά</span> <span class='ocrx_word' id='word_1_40' title='bbox 527 1484 698 1559; x_wconf 90' lang='grc' dir='ltr'>τηλικαῦτα</span> <span class='ocrx_word' id='word_1_41' title='bbox 721 1483 761 1560; x_wconf 87' lang='grc' dir='ltr'>μὴ</span> <span class='ocrx_word' id='word_1_42' title='bbox 784 1481 990 1560; x_wconf 89' lang='grc' dir='ltr'>προςέμενος.</span> <span class='ocrx_word' id='word_1_43' title='bbox 1029 1481 1079 1547; x_wconf 84' lang='grc' dir='ltr'>Ἐν</span> <span class='ocrx_word' id='word_1_44' title='bbox 1102 1481 1138 1544; x_wconf 84' lang='grc' dir='ltr'>δὲ</span> <span class='ocrx_word' id='word_1_45' title='bbox 1160 1485 1228 1544; x_wconf 87' lang='grc' dir='ltr'>τοῖς</span> <span class='ocrx_word' id='word_1_46' title='bbox 1250 1484 1371 1560; x_wconf 84' lang='grc' dir='ltr'>μικροῖς</span> 
     </span>
     <span class='ocr_line' id='line_1_7' title="bbox 227 1581 1369 1666; baseline -0.004 -16"><span class='ocrx_word' id='word_1_47' title='bbox 227 1590 294 1650; x_wconf 90' lang='grc' dir='ltr'>τών</span> <span class='ocrx_word' id='word_1_48' title='bbox 317 1586 434 1664; x_wconf 81' lang='grc' dir='ltr'>δώρων</span> <span class='ocrx_word' id='word_1_49' title='bbox 449 1582 540 1648; x_wconf 85' lang='grc' dir='ltr'>ἴςος3</span> <span class='ocrx_word' id='word_1_50' title='bbox 560 1583 704 1664; x_wconf 85' lang='grc' dir='ltr'>ἔπαινος,</span> <span class='ocrx_word' id='word_1_51' title='bbox 727 1588 773 1666; x_wconf 81' lang='grc' dir='ltr'>τῷ</span> <span class='ocrx_word' id='word_1_52' title='bbox 790 1583 847 1661; x_wconf 82' lang='grc' dir='ltr'>μὲν</span> <span class='ocrx_word' id='word_1_53' title='bbox 869 1583 1030 1662; x_wconf 91' lang='grc' dir='ltr'>πέμψαντι</span> <span class='ocrx_word' id='word_1_54' title='bbox 1053 1581 1101 1646; x_wconf 92' lang='grc' dir='ltr'>ότι</span> <span class='ocrx_word' id='word_1_55' title='bbox 1124 1582 1184 1646; x_wconf 89' lang='grc' dir='ltr'>οὐκ</span> <span class='ocrx_word' id='word_1_56' title='bbox 1205 1583 1369 1661; x_wconf 86' lang='grc' dir='ltr'>ἠμέληςεν,</span> 
     </span>
     <span class='ocr_line' id='line_1_8' title="bbox 228 1685 1370 1772; baseline -0.005 -19"><span class='ocrx_word' id='word_1_57' title='bbox 228 1695 274 1772; x_wconf 80' lang='grc' dir='ltr'>τῷ</span> <span class='ocrx_word' id='word_1_58' title='bbox 297 1688 333 1752; x_wconf 84' lang='grc' dir='ltr'>δὲ</span> <span class='ocrx_word' id='word_1_59' title='bbox 355 1687 483 1768; x_wconf 86' lang='grc' dir='ltr'>λαβόντι</span> <span class='ocrx_word' id='word_1_60' title='bbox 507 1685 555 1750; x_wconf 90' lang='grc' dir='ltr'>ότι</span> <span class='ocrx_word' id='word_1_61' title='bbox 578 1685 637 1765; x_wconf 87' lang='grc' dir='ltr'>οὐχ</span> <span class='ocrx_word' id='word_1_62' title='bbox 660 1685 916 1765; x_wconf 87' lang='grc' dir='ltr'>ῦπερηφάνηςεν.</span> <span class='ocrx_word' id='word_1_63' title='bbox 959 1685 1120 1749; x_wconf 90' lang='grc' dir='ltr'>Ματεῦςαι</span> <span class='ocrx_word' id='word_1_64' title='bbox 1135 1735 1161 1746; x_wconf 93' lang='grc'>..</span> <span class='ocrx_word' id='word_1_65' title='bbox 1185 1686 1225 1764; x_wconf 87' lang='grc' dir='ltr'>μὴ</span> <span class='ocrx_word' id='word_1_66' title='bbox 1249 1685 1370 1763; x_wconf 89' lang='grc' dir='ltr'>χρώμε-</span> 
     </span>
     <span class='ocr_line' id='line_1_9' title="bbox 228 1786 1370 1868; baseline -0.003 -14"><span class='ocrx_word' id='word_1_67' title='bbox 228 1811 286 1855; x_wconf 93' lang='grc' dir='ltr'>νος</span> <span class='ocrx_word' id='word_1_68' title='bbox 315 1840 322 1852; x_wconf 87' lang='grc'><strong>.</strong></span> <span class='ocrx_word' id='word_1_69' title='bbox 351 1840 357 1851; x_wconf 93' lang='grc'><strong>.</strong></span> <span class='ocrx_word' id='word_1_70' title='bbox 387 1840 393 1851; x_wconf 89' lang='grc'><strong>.</strong></span> <span class='ocrx_word' id='word_1_71' title='bbox 423 1790 473 1852; x_wconf 81' lang='grc' dir='ltr'>καὶ</span> <span class='ocrx_word' id='word_1_72' title='bbox 501 1793 688 1868; x_wconf 87' lang='grc' dir='ltr'>ςταυρωτοῦ</span> <span class='ocrx_word' id='word_1_73' title='bbox 715 1788 753 1852; x_wconf 90' lang='grc' dir='ltr'>τό</span> <span class='ocrx_word' id='word_1_74' title='bbox 781 1791 890 1866; x_wconf 86' lang='grc' dir='ltr'>δώρου</span> <span class='ocrx_word' id='word_1_75' title='bbox 919 1787 997 1866; x_wconf 82' lang='grc' dir='ltr'>ἐμοῦ</span> <span class='ocrx_word' id='word_1_76' title='bbox 1026 1787 1214 1866; x_wconf 88' lang='grc' dir='ltr'>πέμψαντος</span> <span class='ocrx_word' id='word_1_77' title='bbox 1243 1786 1303 1850; x_wconf 87' lang='grc' dir='ltr'>οὐκ</span> <span class='ocrx_word' id='word_1_78' title='bbox 1330 1787 1370 1851; x_wconf 88' lang='grc' dir='ltr'>ἂν</span> 
     </span>
     <span class='ocr_line' id='line_1_10' title="bbox 229 1887 1370 1972; baseline -0.004 -15"><span class='ocrx_word' id='word_1_79' title='bbox 229 1893 341 1972; x_wconf 78' lang='grc' dir='ltr'>ἔλαβες</span> <span class='ocrx_word' id='word_1_80' title='bbox 364 1942 369 1954; x_wconf 90' lang='grc'><em>.</em></span> <span class='ocrx_word' id='word_1_81' title='bbox 394 1942 399 1954; x_wconf 90' lang='grc'><strong>.</strong></span> <span class='ocrx_word' id='word_1_82' title='bbox 423 1911 539 1969; x_wconf 92' lang='grc' dir='ltr'>παρα.</span> <span class='ocrx_word' id='word_1_83' title='bbox 563 1941 569 1954; x_wconf 92' lang='grc'><em>.</em></span> <span class='ocrx_word' id='word_1_84' title='bbox 592 1891 797 1970; x_wconf 78' lang='grc' dir='ltr'>πεμφθέντα(</span> <span class='ocrx_word' id='word_1_85' title='bbox 819 1894 936 1953; x_wconf 85' lang='grc' dir='ltr'>παῖδας</span> <span class='ocrx_word' id='word_1_86' title='bbox 957 1888 1116 1967; x_wconf 88' lang='grc' dir='ltr'>ἡδόμενος</span> <span class='ocrx_word' id='word_1_87' title='bbox 1138 1887 1341 1967; x_wconf 59' lang='grc' dir='ltr'>προςέμηνί.</span> <span class='ocrx_word' id='word_1_88' title='bbox 1364 1939 1370 1952; x_wconf 94' lang='grc'><strong><em>.</em></strong></span> 
     </span>
     <span class='ocr_line' id='line_1_11' title="bbox 229 1992 1369 2077; baseline -0.004 -20"><span class='ocrx_word' id='word_1_89' title='bbox 229 2043 626 2057; x_wconf 94' lang='grc'><strong><em>..............</em></strong></span> <span class='ocrx_word' id='word_1_90' title='bbox 636 1992 656 2077; x_wconf 63' lang='lat'>{⁵</span> <span class='ocrx_word' id='word_1_91' title='bbox 707 1995 847 2056; x_wconf 87' lang='grc' dir='ltr'>Γλαῦκος</span> <span class='ocrx_word' id='word_1_92' title='bbox 879 1992 1369 2056; x_wconf 85' lang='grc' dir='ltr'>πάλαι.............</span> 
     </span>
     <span class='ocr_line' id='line_1_12' title="bbox 230 2093 1371 2180; baseline -0.003 -20"><span class='ocrx_word' id='word_1_93' title='bbox 230 2146 384 2160; x_wconf 94' lang='grc'><strong><em>......</em></strong></span> <span class='ocrx_word' id='word_1_94' title='bbox 395 2094 420 2180; x_wconf 64' lang='grc' dir='ltr'>λθ</span> <span class='ocrx_word' id='word_1_95' title='bbox 442 2095 560 2175; x_wconf 91' lang='grc' dir='ltr'>χρόςεα</span> <span class='ocrx_word' id='word_1_96' title='bbox 581 2099 648 2159; x_wconf 92' lang='grc' dir='ltr'>τών</span> <span class='ocrx_word' id='word_1_97' title='bbox 670 2095 828 2174; x_wconf 85' lang='grc' dir='ltr'>χαλκείων</span> <span class='ocrx_word' id='word_1_98' title='bbox 851 2094 900 2158; x_wconf 88' lang='grc' dir='ltr'>καὶ</span> <span class='ocrx_word' id='word_1_99' title='bbox 922 2096 962 2158; x_wconf 91' lang='grc' dir='ltr'>τὰ</span> <span class='ocrx_word' id='word_1_100' title='bbox 984 2093 1174 2174; x_wconf 85' lang='grc' dir='ltr'>ἑκατόμβοια</span> <span class='ocrx_word' id='word_1_101' title='bbox 1194 2097 1259 2158; x_wconf 87' lang='grc' dir='ltr'>τῶν</span> <span class='ocrx_word' id='word_1_102' title='bbox 1282 2094 1371 2158; x_wconf 83' lang='grc' dir='ltr'>ἐννε-</span> 
     </span>
     <span class='ocr_line' id='line_1_13' title="bbox 229 2195 1370 2280; baseline -0.001 -19"><span class='ocrx_word' id='word_1_103' title='bbox 229 2199 350 2280; x_wconf 91' lang='grc' dir='ltr'>αβοίων</span> <span class='ocrx_word' id='word_1_104' title='bbox 374 2198 570 2279; x_wconf 87' lang='grc' dir='ltr'>ἀμείβοντος.</span> <span class='ocrx_word' id='word_1_105' title='bbox 614 2198 707 2260; x_wconf 86' lang='grc' dir='ltr'>Πᾶςα</span> <span class='ocrx_word' id='word_1_106' title='bbox 729 2198 786 2275; x_wconf 81' lang='grc' dir='ltr'>μὲν</span> <span class='ocrx_word' id='word_1_107' title='bbox 808 2197 871 2275; x_wconf 86' lang='grc' dir='ltr'>γὰρ</span> <span class='ocrx_word' id='word_1_108' title='bbox 894 2196 1014 2275; x_wconf 87' lang='grc' dir='ltr'>ἀνάγκη</span> <span class='ocrx_word' id='word_1_109' title='bbox 1037 2196 1095 2260; x_wconf 89' lang='grc' dir='ltr'>τὸν</span> <span class='ocrx_word' id='word_1_110' title='bbox 1119 2195 1329 2275; x_wconf 88' lang='grc' dir='ltr'>ἀμειβόμενον</span> <span class='ocrx_word' id='word_1_111' title='bbox 1351 2196 1370 2274; x_wconf 88' lang='grc' dir='ltr'>ἢ</span> 
     </span>
     <span class='ocr_line' id='line_1_14' title="bbox 229 2297 1371 2381; baseline -0.003 -18"><span class='ocrx_word' id='word_1_112' title='bbox 229 2301 314 2364; x_wconf 90' lang='grc' dir='ltr'>πολὺ</span> <span class='ocrx_word' id='word_1_113' title='bbox 337 2300 478 2365; x_wconf 92' lang='grc' dir='ltr'>πλέονος</span> <span class='ocrx_word' id='word_1_114' title='bbox 506 2298 577 2365; x_wconf 86' lang='grc' dir='ltr'>ἄξια</span> <span class='ocrx_word' id='word_1_115' title='bbox 604 2298 811 2378; x_wconf 83' lang='grc' dir='ltr'>ἀντιπέμπιιν</span> <span class='ocrx_word' id='word_1_116' title='bbox 835 2300 886 2362; x_wconf 86' lang='grc' dir='ltr'>καὶ</span> <span class='ocrx_word' id='word_1_117' title='bbox 908 2299 1036 2381; x_wconf 85' lang='grc' dir='ltr'>Ὁμήρῳ</span> <span class='ocrx_word' id='word_1_118' title='bbox 1058 2298 1191 2376; x_wconf 88' lang='grc' dir='ltr'>μάρτυρι</span> <span class='ocrx_word' id='word_1_119' title='bbox 1213 2298 1270 2362; x_wconf 90' lang='grc' dir='ltr'>τὰς</span> <span class='ocrx_word' id='word_1_120' title='bbox 1293 2297 1371 2378; x_wconf 91' lang='grc' dir='ltr'>φρέ-</span> 
     </span>
     <span class='ocr_line' id='line_1_15' title="bbox 229 2389 1372 2482; baseline -0.004 -15"><span class='ocrx_word' id='word_1_121' title='bbox 229 2424 288 2468; x_wconf 92' lang='grc' dir='ltr'>νας</span> <span class='ocrx_word' id='word_1_122' title='bbox 310 2389 417 2467; x_wconf 80' lang='grc' dir='ltr'>δοκεῖν</span> <span class='ocrx_word' id='word_1_123' title='bbox 441 2402 505 2465; x_wconf 88' lang='grc' dir='ltr'>ῦπὸ</span> <span class='ocrx_word' id='word_1_124' title='bbox 527 2406 587 2466; x_wconf 91' lang='grc' dir='ltr'>τοῦ</span> <span class='ocrx_word' id='word_1_125' title='bbox 603 2401 684 2464; x_wconf 90' lang='grc' dir='ltr'>Διὸς</span> <span class='ocrx_word' id='word_1_126' title='bbox 707 2401 900 2482; x_wconf 84' lang='grc' dir='ltr'>βεβλάφθαι,</span> <span class='ocrx_word' id='word_1_127' title='bbox 922 2399 1015 2479; x_wconf 78' lang='grc' dir='ltr'>ἢτὰ7</span> <span class='ocrx_word' id='word_1_128' title='bbox 1031 2399 1108 2477; x_wconf 90' lang='grc' dir='ltr'>μείω</span> <span class='ocrx_word' id='word_1_129' title='bbox 1132 2400 1372 2477; x_wconf 90' lang='grc' dir='ltr'>άντιπέμποντα</span> 
     </span>
     <span class='ocr_line' id='line_1_16' title="bbox 229 2502 1371 2585; baseline -0.004 -17"><span class='ocrx_word' id='word_1_130' title='bbox 229 2507 270 2585; x_wconf 89' lang='grc' dir='ltr'>μὴ</span> <span class='ocrx_word' id='word_1_131' title='bbox 300 2504 402 2569; x_wconf 90' lang='grc' dir='ltr'>δίκαια</span> <span class='ocrx_word' id='word_1_132' title='bbox 430 2506 544 2568; x_wconf 85' lang='grc' dir='ltr'>ποιεῖν.</span> <span class='ocrx_word' id='word_1_133' title='bbox 588 2504 705 2582; x_wconf 88' lang='grc' dir='ltr'>Τρίτον</span> <span class='ocrx_word' id='word_1_134' title='bbox 736 2504 771 2566; x_wconf 82' lang='grc' dir='ltr'>δὲ</span> <span class='ocrx_word' id='word_1_135' title='bbox 800 2503 849 2566; x_wconf 89' lang='grc' dir='ltr'>καὶ</span> <span class='ocrx_word' id='word_1_136' title='bbox 876 2502 1078 2568; x_wconf 80' lang='grc' dir='ltr'>δικαιότατον</span> <span class='ocrx_word' id='word_1_137' title='bbox 1106 2502 1303 2580; x_wconf 86' lang='grc' dir='ltr'>ἃπέμπεται</span> <span class='ocrx_word' id='word_1_138' title='bbox 1325 2507 1371 2584; x_wconf 85' lang='grc' dir='ltr'>τῷ</span> 
     </span>
     <span class='ocr_line' id='line_1_17' title="bbox 230 2604 1373 2691; baseline -0.003 -20"><span class='ocrx_word' id='word_1_139' title='bbox 230 2607 318 2691; x_wconf 80' lang='grc' dir='ltr'>αὐτῷ</span> <span class='ocrx_word' id='word_1_140' title='bbox 347 2607 450 2690; x_wconf 87' lang='grc' dir='ltr'>μέτρῳ</span> <span class='ocrx_word' id='word_1_141' title='bbox 479 2605 558 2669; x_wconf 90' lang='grc' dir='ltr'>κατά</span> <span class='ocrx_word' id='word_1_142' title='bbox 585 2626 621 2681; x_wconf 88' lang='grc' dir='ltr'>γε</span> <span class='ocrx_word' id='word_1_143' title='bbox 644 2604 809 2670; x_wconf 84' lang='grc' dir='ltr'>Ἡςίοδον8</span> <span class='ocrx_word' id='word_1_144' title='bbox 838 2605 955 2684; x_wconf 91' lang='grc' dir='ltr'>δώροις</span> <span class='ocrx_word' id='word_1_145' title='bbox 982 2605 1166 2685; x_wconf 87' lang='grc' dir='ltr'>ἀμείβεςθαι.</span> <span class='ocrx_word' id='word_1_146' title='bbox 1209 2605 1314 2668; x_wconf 87' lang='grc' dir='ltr'>Τοῦτο</span> <span class='ocrx_word' id='word_1_147' title='bbox 1337 2605 1373 2667; x_wconf 80' lang='grc' dir='ltr'>δὲ</span> 
     </span>
     <span class='ocr_line' id='line_1_18' title="bbox 198 2706 1373 2791; baseline -0.005 -17"><span class='ocrx_word' id='word_1_148' title='bbox 198 2785 201 2789; x_wconf 30' lang='grc'>,</span> <span class='ocrx_word' id='word_1_149' title='bbox 231 2711 249 2774; x_wconf 90' lang='grc' dir='ltr'>ό</span> <span class='ocrx_word' id='word_1_150' title='bbox 273 2713 376 2774; x_wconf 88' lang='grc' dir='ltr'>ποιῶν</span> <span class='ocrx_word' id='word_1_151' title='bbox 401 2708 591 2787; x_wconf 88' lang='grc' dir='ltr'>ὁμοιότατος</span> <span class='ocrx_word' id='word_1_152' title='bbox 614 2708 653 2773; x_wconf 88' lang='grc' dir='ltr'>ἂν</span> <span class='ocrx_word' id='word_1_153' title='bbox 676 2706 743 2785; x_wconf 72' lang='grc' dir='ltr'>ε’ίη9</span> <span class='ocrx_word' id='word_1_154' title='bbox 768 2707 837 2785; x_wconf 85' lang='grc' dir='ltr'>ἐμοὶ</span> <span class='ocrx_word' id='word_1_155' title='bbox 859 2714 904 2791; x_wconf 80' lang='grc' dir='ltr'>τῷ</span> <span class='ocrx_word' id='word_1_156' title='bbox 928 2707 1009 2771; x_wconf 86' lang='grc' dir='ltr'>αὐτὰ</span> <span class='ocrx_word' id='word_1_157' title='bbox 1031 2708 1069 2786; x_wconf 87' lang='grc' dir='ltr'>δὴ</span> <span class='ocrx_word' id='word_1_158' title='bbox 1092 2706 1165 2771; x_wconf 89' lang='grc' dir='ltr'>τὰ10</span> <span class='ocrx_word' id='word_1_159' title='bbox 1186 2707 1373 2786; x_wconf 86' lang='grc' dir='ltr'>πεμφθέντα</span> 
     </span>
     <span class='ocr_line' id='line_1_19' title="bbox 231 2809 1372 2893; baseline -0.003 -18"><span class='ocrx_word' id='word_1_160' title='bbox 231 2812 463 2889; x_wconf 85' lang='grc' dir='ltr'>ἀποπέμποντι.</span> <span class='ocrx_word' id='word_1_161' title='bbox 508 2809 608 2878; x_wconf 85' lang='grc' dir='ltr'>Ἀλλὰ</span> <span class='ocrx_word' id='word_1_162' title='bbox 634 2813 734 2874; x_wconf 84' lang='grc' dir='ltr'>ταῦτα</span> <span class='ocrx_word' id='word_1_163' title='bbox 762 2811 818 2888; x_wconf 81' lang='grc' dir='ltr'>μὲν</span> <span class='ocrx_word' id='word_1_164' title='bbox 842 2809 929 2893; x_wconf 86' lang='grc' dir='ltr'>φίλῳ</span> <span class='ocrx_word' id='word_1_165' title='bbox 951 2809 1033 2889; x_wconf 90' lang='grc' dir='ltr'>πρὸς</span> <span class='ocrx_word' id='word_1_166' title='bbox 1054 2809 1114 2873; x_wconf 91' lang='grc' dir='ltr'>τόν</span> <span class='ocrx_word' id='word_1_167' title='bbox 1138 2809 1293 2889; x_wconf 92' lang='grc' dir='ltr'>φίλτατον</span> <span class='ocrx_word' id='word_1_168' title='bbox 1316 2829 1372 2872; x_wconf 93' lang='grc' dir='ltr'>πε-</span> 
     </span>
     <span class='ocr_line' id='line_1_20' title="bbox 231 2910 1371 2993; baseline -0.003 -16"><span class='ocrx_word' id='word_1_169' title='bbox 231 2914 364 2992; x_wconf 87' lang='grc' dir='ltr'>παίχθω.</span> <span class='ocrx_word' id='word_1_170' title='bbox 387 2913 529 2991; x_wconf 83' lang='grc' dir='ltr'>’Έρρωςο</span> <span class='ocrx_word' id='word_1_171' title='bbox 541 2914 576 2976; x_wconf 83' lang='grc' dir='ltr'>δὲ</span> <span class='ocrx_word' id='word_1_172' title='bbox 592 2914 638 2993; x_wconf 88' lang='grc' dir='ltr'>ςό,</span> <span class='ocrx_word' id='word_1_173' title='bbox 663 2916 760 2976; x_wconf 91' lang='grc' dir='ltr'>τοῦτο</span> <span class='ocrx_word' id='word_1_174' title='bbox 776 2913 825 2975; x_wconf 89' lang='grc' dir='ltr'>καὶ</span> <span class='ocrx_word' id='word_1_175' title='bbox 842 2911 1048 2989; x_wconf 82' lang='grc' dir='ltr'>λογιζόμενος</span> <span class='ocrx_word' id='word_1_176' title='bbox 1064 2910 1113 2975; x_wconf 87' lang='grc' dir='ltr'>ότι</span> <span class='ocrx_word' id='word_1_177' title='bbox 1128 2913 1253 2976; x_wconf 90' lang='grc' dir='ltr'>πλέονα</span> <span class='ocrx_word' id='word_1_178' title='bbox 1267 2915 1371 2975; x_wconf 89' lang='grc' dir='ltr'>τώνδε</span> 
     </span>
    </p>
   </div>
   <div class='ocr_carea' id='block_1_3' title="bbox 233 3011 678 3093">
    <p class='ocr_par' dir='ltr' id='par_1_3' title="bbox 233 3011 678 3093">
     <span class='ocr_line' id='line_1_21' title="bbox 233 3011 678 3093; baseline -0.013 -12"><span class='ocrx_word' id='word_1_179' title='bbox 233 3015 346 3081; x_wconf 89' lang='grc' dir='ltr'>ἑκατόν</span> <span class='ocrx_word' id='word_1_180' title='bbox 370 3014 467 3079; x_wconf 88' lang='grc' dir='ltr'>αὐτὸς</span> <span class='ocrx_word' id='word_1_181' title='bbox 489 3011 678 3093; x_wconf 59' lang='grc' dir='ltr'>παρέξειςίῐ.</span> 
     </span>
    </p>
   </div>
   <div class='ocr_carea' id='block_1_4' title="bbox 233 3171 434 3181">
    <p class='ocr_par' dir='ltr' id='par_1_4' title="bbox 233 3171 434 3181">
     <span class='ocr_line' id='line_1_22' title="bbox 233 3171 434 3181; baseline -0.005 -3"><span class='ocrx_word' id='word_1_182' title='bbox 233 3171 434 3181; x_wconf 81' lang='lat'>--.-—-—-——-</span> 
     </span>
    </p>
   </div>
   <div class='ocr_carea' id='block_1_5' title="bbox 232 3265 1374 4016">
    <p class='ocr_par' dir='ltr' id='par_1_5' title="bbox 318 3265 1332 3336">
     <span class='ocr_line' id='line_1_23' title="bbox 318 3265 1332 3336; baseline -0.003 -14"><span class='ocrx_word' id='word_1_183' title='bbox 318 3276 331 3322; x_wconf 88' lang='lat'>1</span> <span class='ocrx_word' id='word_1_184' title='bbox 351 3267 469 3336; x_wconf 83' lang='lat' dir='ltr'>Supplet</span> <span class='ocrx_word' id='word_1_185' title='bbox 485 3265 640 3331; x_wconf 88' lang='lat' dir='ltr'>Iacobsius,</span> <span class='ocrx_word' id='word_1_186' title='bbox 659 3283 828 3334; x_wconf 88' lang='lat' dir='ltr'>quamquam</span> <span class='ocrx_word' id='word_1_187' title='bbox 846 3282 901 3319; x_wconf 92' lang='lat' dir='ltr'>non</span> <span class='ocrx_word' id='word_1_188' title='bbox 920 3267 963 3319; x_wconf 88' lang='lat' dir='ltr'>est</span> <span class='ocrx_word' id='word_1_189' title='bbox 980 3266 1080 3319; x_wconf 81' lang='lat' dir='ltr'>lacuna</span> <span class='ocrx_word' id='word_1_190' title='bbox 1096 3265 1125 3318; x_wconf 92' lang='lat' dir='ltr'>in</span> <span class='ocrx_word' id='word_1_191' title='bbox 1144 3265 1252 3319; x_wconf 77' lang='lat' dir='ltr'>Codice.</span> <span class='ocrx_word' id='word_1_192' title='bbox 1330 3311 1332 3313; x_wconf 61' lang='grc'>,</span> 
     </span>
    </p>

    <p class='ocr_par' dir='ltr' id='par_1_6' title="bbox 317 3350 662 3420">
     <span class='ocr_line' id='line_1_24' title="bbox 317 3350 662 3420; baseline -0.012 -13"><span class='ocrx_word' id='word_1_193' title='bbox 317 3361 332 3407; x_wconf 82' lang='lat'>2</span> <span class='ocrx_word' id='word_1_194' title='bbox 350 3351 452 3420; x_wconf 85' lang='lat' dir='ltr'>Incipit</span> <span class='ocrx_word' id='word_1_195' title='bbox 472 3350 538 3404; x_wconf 82' lang='lat' dir='ltr'>God.</span> <span class='ocrx_word' id='word_1_196' title='bbox 557 3369 584 3419; x_wconf 91' lang='lat' dir='ltr'>p.</span> <span class='ocrx_word' id='word_1_197' title='bbox 607 3356 662 3404; x_wconf 77' lang='lat'>152.</span> 
     </span>
    </p>

    <p class='ocr_par' dir='ltr' id='par_1_7' title="bbox 317 3436 735 3493">
     <span class='ocr_line' id='line_1_25' title="bbox 317 3436 735 3493; baseline -0.01 0"><span class='ocrx_word' id='word_1_198' title='bbox 317 3446 332 3493; x_wconf 91' lang='lat'><strong>3</strong></span> <span class='ocrx_word' id='word_1_199' title='bbox 352 3437 418 3492; x_wconf 87' lang='lat' dir='ltr'>Cod.</span> <span class='ocrx_word' id='word_1_200' title='bbox 436 3436 574 3490; x_wconf 83' lang='lat' dir='ltr'>incertum</span> <span class='ocrx_word' id='word_1_201' title='bbox 592 3454 628 3490; x_wconf 87' lang='lat' dir='ltr'>an</span> <span class='ocrx_word' id='word_1_202' title='bbox 645 3437 735 3490; x_wconf 89' lang='grc' dir='ltr'>τὸςος.</span> 
     </span>
    </p>

    <p class='ocr_par' dir='ltr' id='par_1_8' title="bbox 232 3520 1374 4016">
     <span class='ocr_line' id='line_1_26' title="bbox 316 3520 1374 3592; baseline -0.003 -14"><span class='ocrx_word' id='word_1_203' title='bbox 316 3522 570 3592; x_wconf 85' lang='lat' dir='ltr'>4Repraesentavi</span> <span class='ocrx_word' id='word_1_204' title='bbox 587 3520 736 3575; x_wconf 87' lang='lat' dir='ltr'>lectionem</span> <span class='ocrx_word' id='word_1_205' title='bbox 753 3521 828 3575; x_wconf 87' lang='lat' dir='ltr'>Maii.</span> <span class='ocrx_word' id='word_1_206' title='bbox 864 3522 1007 3575; x_wconf 86' lang='lat' dir='ltr'>Iaeobsius</span> <span class='ocrx_word' id='word_1_207' title='bbox 1030 3520 1138 3575; x_wconf 82' lang='lat' dir='ltr'>scribit:</span> <span class='ocrx_word' id='word_1_208' title='bbox 1170 3523 1241 3575; x_wconf 83' lang='grc' dir='ltr'>ἀλλὰ</span> <span class='ocrx_word' id='word_1_209' title='bbox 1260 3522 1374 3575; x_wconf 89' lang='grc' dir='ltr'>παυςαί-</span> 
     </span>
     <span class='ocr_line' id='line_1_27' title="bbox 234 3608 1374 3677; baseline -0.003 -14"><span class='ocrx_word' id='word_1_210' title='bbox 234 3628 289 3677; x_wconf 92' lang='grc' dir='ltr'>μην</span> <span class='ocrx_word' id='word_1_211' title='bbox 307 3612 341 3662; x_wconf 86' lang='grc' dir='ltr'>ἂν</span> <span class='ocrx_word' id='word_1_212' title='bbox 361 3611 402 3663; x_wconf 88' lang='grc' dir='ltr'>ςοί</span> <span class='ocrx_word' id='word_1_213' title='bbox 421 3608 538 3674; x_wconf 89' lang='grc' dir='ltr'>μάρτυρι</span> <span class='ocrx_word' id='word_1_214' title='bbox 556 3608 714 3674; x_wconf 86' lang='grc' dir='ltr'>χρώμενος·</span> <span class='ocrx_word' id='word_1_215' title='bbox 735 3609 780 3660; x_wconf 88' lang='grc' dir='ltr'>καί</span> <span class='ocrx_word' id='word_1_216' title='bbox 798 3610 830 3661; x_wconf 90' lang='grc' dir='ltr'>ςῦ</span> <span class='ocrx_word' id='word_1_217' title='bbox 849 3609 902 3674; x_wconf 86' lang='grc' dir='ltr'>γάρ</span> <span class='ocrx_word' id='word_1_218' title='bbox 914 3612 1034 3661; x_wconf 88' lang='grc' dir='ltr'>τοςοῦτο</span> <span class='ocrx_word' id='word_1_219' title='bbox 1046 3610 1141 3674; x_wconf 83' lang='grc' dir='ltr'>δῶρον</span> <span class='ocrx_word' id='word_1_220' title='bbox 1159 3608 1228 3672; x_wconf 84' lang='grc' dir='ltr'>ἐμοῦ</span> <span class='ocrx_word' id='word_1_221' title='bbox 1247 3608 1374 3673; x_wconf 84' lang='grc' dir='ltr'>πέμψαν-</span> 
     </span>
     <span class='ocr_line' id='line_1_28' title="bbox 232 3690 1373 3759; baseline -0.002 -11"><span class='ocrx_word' id='word_1_222' title='bbox 232 3713 281 3750; x_wconf 90' lang='grc' dir='ltr'>τος</span> <span class='ocrx_word' id='word_1_223' title='bbox 306 3695 357 3748; x_wconf 86' lang='lat' dir='ltr'>oet.</span> <span class='ocrx_word' id='word_1_224' title='bbox 394 3691 506 3746; x_wconf 82' lang='lat' dir='ltr'><strong>Amicus</strong></span> <span class='ocrx_word' id='word_1_225' title='bbox 527 3690 608 3745; x_wconf 89' lang='lat' dir='ltr'>vidit:</span> <span class='ocrx_word' id='word_1_226' title='bbox 640 3709 828 3759; x_wconf 87' lang='grc' dir='ltr'>ματευςαιμην</span> <span class='ocrx_word' id='word_1_227' title='bbox 850 3695 1031 3746; x_wconf 89' lang='grc' dir='ltr'>δανεικοντας</span> <span class='ocrx_word' id='word_1_228' title='bbox 1054 3709 1315 3759; x_wconf 89' lang='grc' dir='ltr'>νωητιωχρωμενος</span> <span class='ocrx_word' id='word_1_229' title='bbox 1334 3710 1373 3746; x_wconf 93' lang='grc' dir='ltr'>ως</span> 
     </span>
     <span class='ocr_line' id='line_1_29' title="bbox 233 3778 1374 3844; baseline -0.003 -11"><span class='ocrx_word' id='word_1_230' title='bbox 233 3797 279 3833; x_wconf 89' lang='grc' dir='ltr'>και</span> <span class='ocrx_word' id='word_1_231' title='bbox 289 3820 421 3833; x_wconf 90' lang='grc'>........</span> <span class='ocrx_word' id='word_1_232' title='bbox 434 3794 517 3831; x_wconf 92' lang='grc' dir='ltr'>ςταυ.</span> <span class='ocrx_word' id='word_1_233' title='bbox 532 3793 634 3830; x_wconf 90' lang='grc' dir='ltr'>οτουτο</span> <span class='ocrx_word' id='word_1_234' title='bbox 647 3779 740 3843; x_wconf 84' lang='grc' dir='ltr'>δῶρον</span> <span class='ocrx_word' id='word_1_235' title='bbox 753 3778 821 3842; x_wconf 86' lang='grc' dir='ltr'>ἐμοῦ</span> <span class='ocrx_word' id='word_1_236' title='bbox 836 3778 1001 3844; x_wconf 88' lang='grc' dir='ltr'>πέμψαντος</span> <span class='ocrx_word' id='word_1_237' title='bbox 1013 3778 1065 3831; x_wconf 89' lang='grc' dir='ltr'>οῦκ</span> <span class='ocrx_word' id='word_1_238' title='bbox 1078 3779 1113 3830; x_wconf 90' lang='grc' dir='ltr'>ἂν</span> <span class='ocrx_word' id='word_1_239' title='bbox 1123 3779 1220 3842; x_wconf 84' lang='grc' dir='ltr'>ἔλαβες</span> <span class='ocrx_word' id='word_1_240' title='bbox 1230 3793 1267 3829; x_wconf 88' lang='grc' dir='ltr'>π.</span> <span class='ocrx_word' id='word_1_241' title='bbox 1281 3819 1286 3828; x_wconf 95' lang='grc'>.</span> <span class='ocrx_word' id='word_1_242' title='bbox 1299 3794 1374 3844; x_wconf 92' lang='grc' dir='ltr'>παρα</span> 
     </span>
     <span class='ocr_line' id='line_1_30' title="bbox 235 3861 1374 3930; baseline -0.001 -14"><span class='ocrx_word' id='word_1_243' title='bbox 235 3906 349 3916; x_wconf 87' lang='grc'>.......</span> <span class='ocrx_word' id='word_1_244' title='bbox 370 3863 550 3929; x_wconf 81' lang='grc' dir='ltr'>πεμφθέντας</span> <span class='ocrx_word' id='word_1_245' title='bbox 574 3864 673 3915; x_wconf 81' lang='grc' dir='ltr'>παῖδας</span> <span class='ocrx_word' id='word_1_246' title='bbox 692 3863 830 3929; x_wconf 89' lang='grc' dir='ltr'>ἡδόμενος</span> <span class='ocrx_word' id='word_1_247' title='bbox 850 3863 1007 3930; x_wconf 86' lang='grc' dir='ltr'>προςήκων.</span> <span class='ocrx_word' id='word_1_248' title='bbox 1041 3861 1176 3915; x_wconf 82' lang='lat' dir='ltr'>Coniioio:</span> <span class='ocrx_word' id='word_1_249' title='bbox 1201 3862 1374 3915; x_wconf 88' lang='grc' dir='ltr'>Νεανιευςαί-</span> 
     </span>
     <span class='ocr_line' id='line_1_31' title="bbox 235 3941 1374 4016; baseline -0.003 -15"><span class='ocrx_word' id='word_1_250' title='bbox 235 3966 290 4016; x_wconf 87' lang='grc' dir='ltr'>μην</span> <span class='ocrx_word' id='word_1_251' title='bbox 308 3950 338 4001; x_wconf 82' lang='grc' dir='ltr'>δ’</span> <span class='ocrx_word' id='word_1_252' title='bbox 356 3950 391 4003; x_wconf 85' lang='grc' dir='ltr'>ἂν</span> <span class='ocrx_word' id='word_1_253' title='bbox 410 3948 498 4001; x_wconf 84' lang='grc' dir='ltr'>εἰκόνι</span> <span class='ocrx_word' id='word_1_254' title='bbox 517 3946 631 4014; x_wconf 82' lang='grc' dir='ltr'>ἐναντίᾳ</span> <span class='ocrx_word' id='word_1_255' title='bbox 654 3948 799 4013; x_wconf 91' lang='grc' dir='ltr'>χρώμενος</span> <span class='ocrx_word' id='word_1_256' title='bbox 824 3949 863 4001; x_wconf 91' lang='grc' dir='ltr'>ώς</span> <span class='ocrx_word' id='word_1_257' title='bbox 882 3950 927 4007; x_wconf 84' lang='grc' dir='ltr'>καὶ</span> <span class='ocrx_word' id='word_1_258' title='bbox 951 3948 1010 4013; x_wconf 76' lang='grc' dir='ltr'>ἐμοὶ</span> <span class='ocrx_word' id='word_1_259' title='bbox 1029 3941 1125 4001; x_wconf 75' lang='grc' dir='ltr'>δοκεῖιῖ</span> <span class='ocrx_word' id='word_1_260' title='bbox 1146 3948 1177 3999; x_wconf 90' lang='grc' dir='ltr'>ςὺ</span> <span class='ocrx_word' id='word_1_261' title='bbox 1197 3947 1268 3999; x_wconf 84' lang='grc' dir='ltr'>αὐτὸ</span> <span class='ocrx_word' id='word_1_262' title='bbox 1286 3952 1374 3999; x_wconf 92' lang='grc' dir='ltr'>τοῦτο</span> 
     </span>
    </p>
   </div>
   <div class='ocr_carea' id='block_1_6' title="bbox 233 4032 1467 4100">
    <p class='ocr_par' dir='ltr' id='par_1_9' title="bbox 233 4032 1467 4100">
     <span class='ocr_line' id='line_1_32' title="bbox 233 4032 1467 4100; baseline -0.001 -14"><span class='ocrx_word' id='word_1_263' title='bbox 233 4037 326 4100; x_wconf 85' lang='grc' dir='ltr'>δώρου</span> <span class='ocrx_word' id='word_1_264' title='bbox 345 4034 413 4097; x_wconf 85' lang='grc' dir='ltr'>ἐμοῦ</span> <span class='ocrx_word' id='word_1_265' title='bbox 432 4033 598 4097; x_wconf 89' lang='grc' dir='ltr'>πέμψαντος</span> <span class='ocrx_word' id='word_1_266' title='bbox 616 4032 669 4085; x_wconf 89' lang='grc' dir='ltr'>οῦκ</span> <span class='ocrx_word' id='word_1_267' title='bbox 687 4034 721 4084; x_wconf 86' lang='grc' dir='ltr'>ἂν</span> <span class='ocrx_word' id='word_1_268' title='bbox 739 4033 851 4099; x_wconf 85' lang='grc' dir='ltr'>ἔλαβες,</span> <span class='ocrx_word' id='word_1_269' title='bbox 870 4038 932 4085; x_wconf 88' lang='grc' dir='ltr'>πώς</span> <span class='ocrx_word' id='word_1_270' title='bbox 950 4033 1025 4098; x_wconf 86' lang='grc' dir='ltr'>παρὰ</span> <span class='ocrx_word' id='word_1_271' title='bbox 1042 4036 1091 4085; x_wconf 76' lang='lat' dir='ltr'>cod</span> <span class='ocrx_word' id='word_1_272' title='bbox 1108 4033 1176 4086; x_wconf 89' lang='grc' dir='ltr'>τοὺς</span> <span class='ocrx_word' id='word_1_273' title='bbox 1194 4032 1375 4098; x_wconf 87' lang='grc' dir='ltr'>πεμφθέντας</span> <span class='ocrx_word' id='word_1_274' title='bbox 1464 4080 1467 4085; x_wconf 92' lang='grc'><em>.</em></span> 
     </span>
    </p>
   </div>
   <div class='ocr_carea' id='block_1_7' title="bbox 233 4115 1377 4933">
    <p class='ocr_par' dir='ltr' id='par_1_10' title="bbox 233 4115 1377 4274">
     <span class='ocr_line' id='line_1_33' title="bbox 233 4115 1377 4183; baseline -0.003 -12"><span class='ocrx_word' id='word_1_275' title='bbox 233 4120 333 4171; x_wconf 83' lang='grc' dir='ltr'>παῖδας</span> <span class='ocrx_word' id='word_1_276' title='bbox 357 4118 495 4182; x_wconf 87' lang='grc' dir='ltr'>ἡδόμενος</span> <span class='ocrx_word' id='word_1_277' title='bbox 519 4116 672 4183; x_wconf 87' lang='grc' dir='ltr'>προςείμην</span> <span class='ocrx_word' id='word_1_278' title='bbox 696 4118 743 4181; x_wconf 81' lang='grc' dir='ltr'>ἄν;</span> <span class='ocrx_word' id='word_1_279' title='bbox 767 4116 881 4169; x_wconf 89' lang='lat' dir='ltr'>suntin</span> <span class='ocrx_word' id='word_1_280' title='bbox 903 4116 947 4169; x_wconf 88' lang='lat' dir='ltr'>his</span> <span class='ocrx_word' id='word_1_281' title='bbox 971 4116 1109 4183; x_wconf 80' lang='lat' dir='ltr'>q&#39;uaedam</span> <span class='ocrx_word' id='word_1_282' title='bbox 1130 4115 1271 4171; x_wconf 87' lang='lat' dir='ltr'>nonsatis</span> <span class='ocrx_word' id='word_1_283' title='bbox 1290 4117 1377 4182; x_wconf 73' lang='lat' dir='ltr'>certa5</span> 
     </span>
     <span class='ocr_line' id='line_1_34' title="bbox 233 4197 1060 4274; baseline -0.002 -19"><span class='ocrx_word' id='word_1_284' title='bbox 233 4202 282 4255; x_wconf 91' lang='lat' dir='ltr'>sed</span> <span class='ocrx_word' id='word_1_285' title='bbox 299 4199 417 4268; x_wconf 73' lang='lat' dir='ltr'>intelligi</span> <span class='ocrx_word' id='word_1_286' title='bbox 434 4218 507 4253; x_wconf 87' lang='lat' dir='ltr'>nuno</span> <span class='ocrx_word' id='word_1_287' title='bbox 523 4200 629 4274; x_wconf 81' lang='lat' dir='ltr'>poterit</span> <span class='ocrx_word' id='word_1_288' title='bbox 647 4200 713 4267; x_wconf 88' lang='lat' dir='ltr'>quid</span> <span class='ocrx_word' id='word_1_289' title='bbox 730 4200 835 4254; x_wconf 79' lang='lat' dir='ltr'>Fronto</span> <span class='ocrx_word' id='word_1_290' title='bbox 853 4200 960 4255; x_wconf 78' lang='lat' dir='ltr'>dixerit.</span> <span class='ocrx_word' id='word_1_291' title='bbox 1055 4197 1060 4207; x_wconf 88' lang='lat'><strong><em>‘</em></strong></span> 
     </span>
    </p>

    <p class='ocr_par' dir='ltr' id='par_1_11' title="bbox 319 4285 752 4340">
     <span class='ocr_line' id='line_1_35' title="bbox 319 4285 752 4340; baseline 0 -1"><span class='ocrx_word' id='word_1_292' title='bbox 319 4292 334 4339; x_wconf 84' lang='lat'>5</span> <span class='ocrx_word' id='word_1_293' title='bbox 351 4285 464 4340; x_wconf 83' lang='lat' dir='ltr'>Lacuna</span> <span class='ocrx_word' id='word_1_294' title='bbox 482 4285 599 4338; x_wconf 87' lang='lat' dir='ltr'>duorum</span> <span class='ocrx_word' id='word_1_295' title='bbox 615 4301 752 4339; x_wconf 86' lang='lat' dir='ltr'>versuum.</span> 
     </span>
    </p>

    <p class='ocr_par' dir='ltr' id='par_1_12' title="bbox 318 4369 742 4438">
     <span class='ocr_line' id='line_1_36' title="bbox 318 4369 742 4438; baseline 0 -15"><span class='ocrx_word' id='word_1_296' title='bbox 318 4376 333 4423; x_wconf 82' lang='lat'><strong>6</strong></span> <span class='ocrx_word' id='word_1_297' title='bbox 350 4369 463 4423; x_wconf 85' lang='lat' dir='ltr'>Lacuna</span> <span class='ocrx_word' id='word_1_298' title='bbox 480 4385 609 4423; x_wconf 86' lang='lat' dir='ltr'>versuum</span> <span class='ocrx_word' id='word_1_299' title='bbox 627 4371 742 4438; x_wconf 79' lang='lat' dir='ltr'>septem.</span> 
     </span>
    </p>

    <p class='ocr_par' dir='ltr' id='par_1_13' title="bbox 319 4453 763 4508">
     <span class='ocr_line' id='line_1_37' title="bbox 319 4453 763 4508; baseline -0.002 0"><span class='ocrx_word' id='word_1_300' title='bbox 319 4462 332 4508; x_wconf 81' lang='lat'>7</span> <span class='ocrx_word' id='word_1_301' title='bbox 353 4453 458 4507; x_wconf 83' lang='lat' dir='ltr'>Codex:</span> <span class='ocrx_word' id='word_1_302' title='bbox 478 4471 512 4507; x_wconf 92' lang='grc' dir='ltr'>ια.</span> <span class='ocrx_word' id='word_1_303' title='bbox 550 4453 651 4507; x_wconf 83' lang='lat' dir='ltr'>Omisit</span> <span class='ocrx_word' id='word_1_304' title='bbox 666 4453 763 4508; x_wconf 87' lang='lat' dir='ltr'>Maius.</span> 
     </span>
    </p>

    <p class='ocr_par' dir='ltr' id='par_1_14' title="bbox 233 4531 1374 4776">
     <span class='ocr_line' id='line_1_38' title="bbox 318 4531 1373 4594; baseline 0 -1"><span class='ocrx_word' id='word_1_305' title='bbox 318 4546 334 4593; x_wconf 88' lang='lat'>8</span> <span class='ocrx_word' id='word_1_306' title='bbox 351 4539 447 4593; x_wconf 84' lang='lat' dir='ltr'>Verba</span> <span class='ocrx_word' id='word_1_307' title='bbox 465 4538 574 4591; x_wconf 87' lang='lat' dir='ltr'>suntin</span> <span class='ocrx_word' id='word_1_308' title='bbox 594 4538 694 4593; x_wconf 85' lang='lat' dir='ltr'>Codice</span> <span class='ocrx_word' id='word_1_309' title='bbox 713 4538 838 4593; x_wconf 77' lang='lat' dir='ltr'>evanida.</span> <span class='ocrx_word' id='word_1_310' title='bbox 875 4539 947 4591; x_wconf 89' lang='lat' dir='ltr'>Dedi</span> <span class='ocrx_word' id='word_1_311' title='bbox 965 4540 1153 4594; x_wconf 80' lang='lat' dir='ltr'>coniecturam</span> <span class='ocrx_word' id='word_1_312' title='bbox 1171 4540 1297 4593; x_wconf 87' lang='lat' dir='ltr'>Iaoobsii.</span> <span class='ocrx_word' id='word_1_313' title='bbox 1322 4531 1373 4593; x_wconf 89' lang='lat' dir='ltr'>Mi-</span> 
     </span>
     <span class='ocr_line' id='line_1_39' title="bbox 233 4622 1374 4692; baseline -0.001 -12"><span class='ocrx_word' id='word_1_314' title='bbox 233 4626 310 4680; x_wconf 87' lang='lat' dir='ltr'>rifioa</span> <span class='ocrx_word' id='word_1_315' title='bbox 327 4625 392 4678; x_wconf 87' lang='lat' dir='ltr'>sunt</span> <span class='ocrx_word' id='word_1_316' title='bbox 409 4639 480 4691; x_wconf 90' lang='lat' dir='ltr'>quae</span> <span class='ocrx_word' id='word_1_317' title='bbox 492 4622 581 4677; x_wconf 90' lang='lat' dir='ltr'>Maius</span> <span class='ocrx_word' id='word_1_318' title='bbox 597 4623 679 4691; x_wconf 85' lang='lat' dir='ltr'>legit:</span> <span class='ocrx_word' id='word_1_319' title='bbox 698 4630 740 4690; x_wconf 81' lang='grc' dir='ltr'>τῷ</span> <span class='ocrx_word' id='word_1_320' title='bbox 758 4624 838 4691; x_wconf 83' lang='grc' dir='ltr'>αὐτῷ</span> <span class='ocrx_word' id='word_1_321' title='bbox 857 4626 939 4692; x_wconf 88' lang='grc' dir='ltr'>μικρὰ</span> <span class='ocrx_word' id='word_1_322' title='bbox 957 4628 1003 4680; x_wconf 84' lang='grc' dir='ltr'>καί</span> <span class='ocrx_word' id='word_1_323' title='bbox 1019 4626 1088 4678; x_wconf 89' lang='grc' dir='ltr'>τότε</span> <span class='ocrx_word' id='word_1_324' title='bbox 1100 4625 1168 4678; x_wconf 82' lang='grc' dir='ltr'>ἷςοις</span> <span class='ocrx_word' id='word_1_325' title='bbox 1181 4626 1282 4691; x_wconf 87' lang='grc' dir='ltr'>δώροις</span> <span class='ocrx_word' id='word_1_326' title='bbox 1300 4626 1374 4690; x_wconf 86' lang='grc' dir='ltr'>ἀμεί-</span> 
     </span>
     <span class='ocr_line' id='line_1_40' title="bbox 235 4715 335 4776; baseline -0.03 -11"><span class='ocrx_word' id='word_1_327' title='bbox 235 4715 335 4776; x_wconf 89' lang='grc' dir='ltr'>βεςθαι.</span> 
     </span>
    </p>

    <p class='ocr_par' dir='ltr' id='par_1_15' title="bbox 318 4792 827 4863">
     <span class='ocr_line' id='line_1_41' title="bbox 318 4792 827 4863; baseline 0 -16"><span class='ocrx_word' id='word_1_328' title='bbox 318 4801 333 4847; x_wconf 88' lang='grc'><strong>9</strong></span> <span class='ocrx_word' id='word_1_329' title='bbox 352 4794 397 4847; x_wconf 81' lang='lat' dir='ltr'>Sic</span> <span class='ocrx_word' id='word_1_330' title='bbox 415 4793 541 4863; x_wconf 88' lang='lat' dir='ltr'>supplevi</span> <span class='ocrx_word' id='word_1_331' title='bbox 557 4810 674 4862; x_wconf 86' lang='lat' dir='ltr'>parvam</span> <span class='ocrx_word' id='word_1_332' title='bbox 691 4792 827 4847; x_wconf 78' lang='lat' dir='ltr'>lacunam.</span> 
     </span>
    </p>

    <p class='ocr_par' dir='ltr' id='par_1_16' title="bbox 302 4876 528 4933">
     <span class='ocr_line' id='line_1_42' title="bbox 302 4876 528 4933; baseline 0.004 -3"><span class='ocrx_word' id='word_1_333' title='bbox 302 4884 333 4933; x_wconf 87' lang='lat'>10</span> <span class='ocrx_word' id='word_1_334' title='bbox 352 4877 411 4932; x_wconf 93' lang='lat' dir='ltr'>Om.</span> <span class='ocrx_word' id='word_1_335' title='bbox 430 4876 528 4932; x_wconf 82' lang='lat' dir='ltr'>Maius.</span> 
     </span>
    </p>
   </div>
   <div class='ocr_carea' id='block_1_8' title="bbox 304 4960 1375 5035">
    <p class='ocr_par' dir='ltr' id='par_1_17' title="bbox 304 4960 1375 5035">
     <span class='ocr_line' id='line_1_43' title="bbox 304 4960 1375 5035; baseline 0.003 -18"><span class='ocrx_word' id='word_1_336' title='bbox 304 4969 332 5017; x_wconf 85' lang='lat' dir='ltr'>ll</span> <span class='ocrx_word' id='word_1_337' title='bbox 352 4962 478 5019; x_wconf 78' lang='lat' dir='ltr'>Tandem</span> <span class='ocrx_word' id='word_1_338' title='bbox 495 4963 565 5017; x_wconf 85' lang='lat' dir='ltr'>haee</span> <span class='ocrx_word' id='word_1_339' title='bbox 583 4960 725 5035; x_wconf 81' lang='lat' dir='ltr'>exsculpsi‚</span> <span class='ocrx_word' id='word_1_340' title='bbox 744 4978 815 5035; x_wconf 85' lang='lat' dir='ltr'>quae</span> <span class='ocrx_word' id='word_1_341' title='bbox 828 4962 897 5016; x_wconf 91' lang='lat' dir='ltr'>mihi</span> <span class='ocrx_word' id='word_1_342' title='bbox 910 4965 941 5019; x_wconf 88' lang='lat' dir='ltr'>ut</span> <span class='ocrx_word' id='word_1_343' title='bbox 952 4964 981 5018; x_wconf 87' lang='lat' dir='ltr'>in</span> <span class='ocrx_word' id='word_1_344' title='bbox 992 4964 1124 5022; x_wconf 79' lang='lat' dir='ltr'>lacunoso</span> <span class='ocrx_word' id='word_1_345' title='bbox 1136 4965 1198 5019; x_wconf 83' lang='lat' dir='ltr'>loeo</span> <span class='ocrx_word' id='word_1_346' title='bbox 1210 4963 1279 5020; x_wconf 87' lang='lat' dir='ltr'>satis</span> <span class='ocrx_word' id='word_1_347' title='bbox 1298 4966 1375 5026; x_wconf 84' lang='lat' dir='ltr'>certa</span> 
     </span>
    </p>
   </div>
   <div class='ocr_carea' id='block_1_9' title="bbox 0 0 1667 6050">
    <p class='ocr_par' dir='ltr' id='par_1_18' title="bbox 0 0 1667 6050">
     <span class='ocr_line' id='line_1_44' title="bbox 0 0 1667 6050; baseline 0 0"><span class='ocrx_word' id='word_1_348' title='bbox 0 0 1667 6050; x_wconf 95' lang='lat' dir='ltr'> </span> 
     </span>
    </p>
   </div>
  </div>
 </body>
</html>
