3300 6050
463 847 512 900 AD
530 849 566 901 M.
587 846 777 900 CAESAREM
795 848 842 899 ΕΤ
860 847 1013 901 INVlCEM
1030 847 1137 901 LIBER
1155 849 1175 900 Ι.
1358 852 1396 914 15

252 1019 354 1102 patris
368 1017 498 1081 tabulae
514 1019 710 1100 aperiantur.
735 1017 824 1081 Idem
839 1018 906 1080 filia
920 1018 1107 1100 postulabit,
1119 1040 1228 1100 nepos,
1243 1019 1393 1102 abnepos,

252 1121 368 1202 frater,
404 1119 629 1201 consobrinae,
667 1122 817 1202 patruus,
843 1119 1035 1201 avrmculuS,
1066 1120 1181 1200 amita,
1211 1123 1393 1202 matertera,

253 1223 360 1285 omnia
382 1221 655 1284 necessitudinum
676 1221 808 1283 nomina
830 1218 891 1282 hoc
920 1220 1124 1303 privilegium
1151 1220 1321 1303 invadent,
1359 1226 1396 1285 ut

252 1323 378 1387 tabulas
402 1320 518 1404 aperiri
533 1324 653 1404 vetent,
677 1322 739 1404 ipsi
754 1321 953 1404 possessione
968 1322 1036 1383 iure
1052 1321 1219 1404 sanguinis
1234 1321 1394 1386 fruantur.

253 1423 357 1490 Causa
379 1422 514 1506 denique
530 1422 667 1486 Romam
688 1421 838 1499 renrissa¹
863 1422 939 1505 quid
961 1421 1109 1516 eveniet?
1130 1421 1262 1486 heredes
1283 1424 1395 1507 scripti

252 1525 463 1609 navigabunt,
488 1522 671 1587 exheredati
688 1526 795 1587 autem
808 1524 845 1586 in
858 1523 1058 1606 possessione
1073 1524 1295 1606 remanebunt,
1312 1525 1395 1587 diem

253 1628 291 1690 de
306 1627 356 1690 die
372 1627 500 1707 ducent,
523 1625 692 1689 dilationes
712 1614 859 1708 petentes
885 1625 908 1707 Ρ
930 1625 1000 1688 fora
1019 1624 1116 1688 variis
1137 1624 1395 1688 excusationibus

251 1727 393 1791 trahent.
438 1726 572 1809 Hiemps
595 1730 644 1790 est
667 1730 699 1789 et
722 1726 873 1790 crudum³
896 1749 983 1791 mare
1006 1726 1176 1789 hibernum
1199 1729 1262 1807 est3
1286 1726 1395 1789 adesse

188 1849 191 1859 ’
252 1851 318 1892 non
339 1829 455 1912 potuit.
501 1827 565 1892 Ubi
587 1828 711 1910 hiemps
733 1828 953 1911 praeterierit,
978 1849 1095 1891 vernae
1117 1830 1325 1910 tempestates
1347 1828 1394 1890 in-

254 1934 358 1994 certae
381 1933 414 1993 et
436 1929 550 1992 dubiae
571 1932 715 1993 moratae
738 1933 823 1993 sunt.
865 1928 931 1992 Ver
953 1931 1099 1992 exactum
1121 1931 1184 2010 est3
1218 1932 1323 1992 aestas
1347 1932 1395 1991 est

254 2032 365 2095 calida
384 2036 417 2095 et
439 2030 485 2094 sol
513 2029 718 2115 nauigantis4
745 2031 810 2094 urit
838 2034 870 2094 et
897 2030 991 2094 homo
1020 2033 1165 2093 nauseat.
1210 2030 1395 2093 Autunmus

253 2134 410 2216 sequitur,
442 2154 538 2215 poma
561 2132 796 2215 culpabuntur⁵
820 2135 852 2196 et
874 2132 1011 2216 languor
1033 2131 1246 2194 excusabitur.
1290 2130 1395 2215 Finge

252 2234 331 2298 haec
355 2238 387 2297 et
410 2233 658 2298 comminiscor?
679 2233 797 2317 quidssl
820 2234 855 2297 in
875 2233 936 2296 hac
960 2254 1054 2296 causa
1076 2254 1185 2296 nonne
1207 2231 1268 2296 hoc
1290 2233 1395 2315 ipsum

253 2335 382 2400 evenit?
414 2334 478 2398 Ubi
502 2338 550 2398 est
572 2337 781 2417 adversarius,
806 2337 860 2418 qui
881 2335 1072 2417 iampridem
1094 2335 1134 2397 ad
1148 2334 1307 2417 agendam
1323 2354 1394 2396 cau·

148 2448 150 2452 ’
253 2459 320 2500 sam
342 2437 452 2500 adesse
474 2436 650 2499 debuerat?
694 2437 757 2520 „In
778 2436 894 2500 itinere
917 2438 1001 2499 est.“
1045 2435 1114 2510 Quo
1135 2434 1265 2498 tandem
1286 2435 1322 2497 in
1343 2435 1394 2498 iti-

252 2538 351 2602 nere?
388 2537 462 2622 „Ex
484 2536 581 2600 Asia⁷
604 2539 679 2601 veni
698 2541 730 2601 .“
767 2537 811 2601 Et
833 2541 882 2602 est
904 2536 1008 2600 adhuc
1029 2538 1064 2600 in
1086 2536 1175 2600 Asia.
1214 2536 1395 2620 „Magnum

251 2641 314 2704 iter
336 2643 369 2704 et
390 2639 615 2703 festinatum.“
648 2638 680 2702 N
682 2640 834 2703 avibusne
858 2661 900 2702 an
915 2641 1002 2722 equis
1019 2660 1061 2701 an
1076 2638 1301 2722 diplomatibus
1316 2637 1396 2702 facit

138 2776 142 2782 ’
252 2741 332 2805 haec
354 2745 421 2804 tarn
442 2741 564 2804 velocia
586 2740 728 2804 statibal
761 2740 841 2806 Cum
862 2740 992 2803 interim
1015 2741 1198 2824 cognitione
1220 2738 1392 2823 proposita,

252 2843 351 2907 semel
373 2865 392 2906 a
414 2844 462 2923 te,
498 2840 629 2924 Caesar,
664 2843 766 2925 petita
793 2841 922 2904 dilatio8
951 2844 983 2904 et
1010 2842 1197 2924 impetrata:
1230 2841 1394 2924 proposita

254 2945 438 3031 cognitione
460 2965 596 3026 rursum,
622 2946 687 3020 ate
703 2944 800 3006 duum
813 2943 973 3006 mensium
987 2943 1108 3027 petital
1131 2943 1242 3006 dilatio
1250 2944 1287 3006 ¹⁰.
1322 2942 1394 3005 Duo

185 3048 189 3055 ’
252 3068 383 3117 menses¹
402 3046 505 3109 exacti
529 3048 605 3109 sunt
626 3045 731 3109 idibus
753 3046 906 3129 proximis
929 3047 962 3108 et
983 3045 1050 3108 dies
1072 3045 1168 3108 medii
1190 3045 1245 3107 isti
1260 3044 1392 3128 aliquot.

252 3148 354 3212 Venit
374 3146 529 3210 tandem?
566 3146 599 3210 Si
621 3148 764 3210 nondum
785 3148 885 3228 venit,
913 3146 979 3209 at¹¹
1003 3146 1117 3209 saltem
1136 3145 1394 3228 adpropinquat?

254 3250 280 3312 si
302 3249 445 3312 nondum
468 3247 745 3331 adpropinquat¹²,
771 3251 804 3310 at
814 3248 837 3288 ¹3
861 3247 974 3311 saltem
995 3248 1158 3331 profectus
1174 3269 1212 3309 ex
1228 3246 1307 3309 Asia
1322 3246 1394 3309 est?

457 3400 473 3439 a

322 3460 335 3505 1
355 3451 436 3505 sou:
454 3448 625 3516 amissam,
645 3466 724 3504 erasa
741 3451 883 3520 postrema
901 3450 991 3504 litera.

320 3543 335 3589 2
353 3535 454 3604 Incipit
472 3534 537 3588 Oad.
556 3534 683 3588 Ambros.
702 3554 729 3605 p.
744 3541 784 3589 92.

321 3630 336 3675 3
354 3619 484 3688 Legerim
502 3625 600 3673 dudam.
629 3624 802 3687 Heindorfius.

320 3712 336 3759 4
354 3706 398 3758 Ita
416 3703 515 3757 Codex.

320 3795 336 3843 5
354 3790 395 3842 Ne
414 3788 474 3857 quis
492 3787 621 3842 messium
640 3790 668 3842 et
680 3787 882 3842 vindemiarum
899 3791 1025 3857 tempore
1044 3789 1191 3856 cogeretur
1208 3788 1245 3861 ad
1261 3788 1393 3842 iudicium

254 3875 356 3941 venire,
375 3872 500 3927 oratione
519 3872 575 3926 divi
592 3872 680 3926 Marci
698 3874 809 3927 cautum
828 3874 877 3926 est.
913 3873 1018 3941 Digest.
1038 3874 1071 3925 ll.
1087 3879 1126 3927 12..
1142 3879 1164 3926 1.
1184 3877 1277 3927 Maius.

321 3964 336 4011 6
355 3956 399 4012 Sic
416 3956 583 4011 Niebuhrius
601 3957 760 4011 emendavit
777 3956 843 4010 Ood.
861 3957 1008 4011 lectionem
1026 3965 1092 4026 quia.

321 4042 424 4096 rcum
446 4042 550 4095 nona
573 4041 609 4095 aa
631 4042 731 4094 Aaron.
756 4041 836 4094 eran
858 4042 908 4110 ap.
921 4042 986 4095 vur
1008 4058 1106 4095 causas
1128 4059 1157 4095 a
1181 4041 1296 4095 crucum
1318 4042 1393 4111 apua
1453 4108 1457 4116 ,
1493 4020 1495 4025 ’

252 4128 455 4197 Imperatorem
473 4143 557 4195 agere
571 4126 653 4192 dicat,
671 4126 736 4180 inde
753 4126 829 4179 haud
848 4126 968 4179 absurde
978 4126 1108 4180 coniicias
1121 4144 1241 4194 causam,
1259 4144 1331 4195 quae
1348 4127 1393 4180 hic

253 4214 361 4280 agatur,
380 4211 416 4266 ad
434 4211 558 4266 Ciliciam
574 4210 722 4281 pertinere.
754 4215 914 4265 Niebabriua

320 4295 450 4351 SScribe
473 4314 535 4350 cum
552 4296 726 4350 Heindorfio:
749 4302 831 4364 petita
855 4302 943 4350 dilatio
967 4309 1006 4351 est
1029 4309 1054 4350 ct
1077 4306 1227 4365 impetente:
1255 4304 1393 4365 proposita

253 4387 395 4450 cognitione
412 4400 518 4443 mersura,
537 4402 637 4435 rursum
654 4402 670 4434 a
688 4392 712 4433 te
732 4386 804 4434 duram
821 4386 938 4435 arcasium
954 4390 1035 4449 petita
1054 4388 1151 4436 dilutio.

320 4472 336 4519 9
353 4464 441 4519 Maius
458 4465 529 4533 legit
543 4472 648 4533 petitur.

305 4556 337 4604 lo
353 4550 395 4603 De
419 4549 597 4603 dilationibus
618 4550 769 4604 iudiciariis
791 4568 808 4604 a
825 4549 919 4604 Marco
939 4551 1074 4604 concessis
1095 4550 1339 4617 Digest.II.12.7
1363 4553 1393 4604 et

252 4634 344 4688 Aurel.
363 4634 435 4688 Vict.
454 4633 484 4687 in
502 4634 578 4688 Caes.
597 4634 682 4689 Marc.
702 4638 731 4689 et
747 4636 810 4691 Ver.
843 4640 937 4690 Maias.

305 4725 335 4771 11
355 4717 421 4772 eod.
440 4726 483 4775 ad.
518 4719 607 4773 Maius
627 4719 765 4774 omiserat.

306 4809 336 4856 12
355 4807 449 4857 Saltem
468 4835 498 4844 —
518 4810 709 4873 adpropinquat
727 4822 744 4860 a
762 4821 813 4859 scc.
834 4823 869 4859 m.
889 4805 953 4859 intr.
972 4804 1018 4859 lin.

304 4894 335 4943 13
353 4886 394 4941 De
413 4888 572 4943 coniectura
589 4888 691 4945 addidi.
