3300 6050
250 895 353 942 XXXII
683 875 964 931 PROLEGOMENA.

251 1070 352 1131 anno,
376 1048 415 1110 de
436 1070 499 1131 qua
521 1069 618 1131 supra
640 1070 743 1113 sermo
765 1049 839 1112 fuit.
881 1048 1077 1113 Niebuhrius
1098 1053 1208 1113 tamen
1231 1051 1397 1115 existimat

250 1150 339 1212 illam
361 1150 553 1232 orationem,
584 1172 680 1233 quam
702 1150 879 1215 Eumenius
901 1152 1028 1233 laudat,
1057 1151 1098 1215 ab
1120 1151 1181 1217 hac
1204 1174 1270 1216 non
1292 1153 1396 1218 diver·

251 1272 319 1314 sam
340 1251 452 1332 fuisse2

219 1350 236 1364 “
335 1355 365 1418 3.
397 1353 582 1417 Gratiarum
605 1355 689 1418 actio
710 1357 745 1417 in
767 1359 882 1418 senatu
903 1378 962 1439 pro
977 1355 1317 1441 Carthaginiensibus,
1343 1380 1395 1422 cu·

249 1456 299 1518 ius
321 1455 463 1518 lacerum
483 1455 704 1539 fragmentum
726 1457 947 1521 exhibebimus
970 1479 987 1521 e
1009 1458 1125 1522 Codice
1147 1458 1307 1522 Palatino.

334 1557 365 1620 4.
410 1557 521 1620 Oratio
544 1555 686 1641 Bithyna
708 1580 764 1621 seu
785 1580 845 1642 pro
866 1557 1027 1642 Bithynia.
1073 1559 1122 1623 Of.
1147 1560 1188 1622 ad
1210 1560 1341 1624 Amicos
1363 1560 1390 1642 I,

253 1661 302 1721 14.
328 1660 377 1722 15.
414 1658 454 1721 Ei
477 1662 551 1742 post
573 1658 695 1743 aliquot
716 1682 818 1724 annos
840 1659 960 1724 Fronto
981 1660 1084 1724 multa
1104 1683 1188 1726 nova
1217 1663 1405 1745 addiderat,-

250 1761 355 1824 locum
370 1760 527 1851 imprimis
550 1761 588 1824 de
610 1764 682 1824 aeta
697 1762 773 1824 vita.
805 1761 856 1824 Ex
871 1761 932 1826 hac
948 1763 1092 1827 oratione
1114 1765 1318 1847 desumptum
1334 1767 1394 1846 est,

181 1906 190 1914 ·
251 1862 315 1925 nisi
337 1862 457 1926 indicia
477 1862 613 1946 fallunt,
642 1863 775 1947 longum
796 1864 1031 1949 fragmentum,
1061 1867 1144 1948 quod
1173 1865 1326 1930 describit
1348 1865 1394 1928 M.

253 1963 371 2028 ansar
392 1965 418 2047 Ι,
443 1964 473 2028 6.

335 2069 367 2130 5.
413 2066 525 2131 Oratio
546 2088 605 2150 pro
627 2067 933 2132 Ptolemaeensibus.
979 2068 1028 2134 Of.
1052 2069 1225 2135 Charisius.

336 2169 366 2232 6.
412 2168 524 2233 Oratio
557 2169 707 2233 adversus
740 2169 941 2235 Christianos
949 2171 993 2255 (?)
1000 2221 1009 2254 ,
1048 2171 1138 2235 cuius
1173 2172 1396 2256 fragmentum
1422 2158 1424 2165 ’

252 2271 324 2334 vide
347 2271 432 2354 apud
455 2269 635 2333 Minucium
656 2270 817 2368 Felicem.¹

337 2373 367 2436 7.
412 2372 524 2437 Oratio
545 2372 581 2436 in
603 2371 764 2436 Herodem
786 2374 943 2437 Atticum.
975 2373 1024 2438 Of.
1048 2375 1088 2437 ad
1109 2374 1153 2438 M.
1170 2375 1261 2440 ans.
1284 2375 1346 2458 ΙΙΙ,
1363 2375 1394 2439 2.

336 2474 367 2538 8.
413 2474 525 2539 Oratio
551 2495 609 2556 pro
637 2473 866 2538 Demonstrato
893 2475 1065 2540 Petiliano.
1110 2476 1158 2541 Of.
1189 2478 1230 2540 ad
1257 2477 1302 2541 M.
1327 2476 1395 2540 An-

251 2578 319 2637 ton.
342 2575 386 2657 ΙΙ,
411 2575 431 2638 8
454 2574 548 2637 etad
570 2574 646 2639 Ver.
669 2575 713 2657 H,
737 2576 774 2658 9,
803 2599 866 2660 qua
893 2579 1038 2642 oratione
1061 2578 1313 2661 compellabatur
1335 2582 1396 2642 As-

253 2676 450 2759 clepiodotus
472 2677 610 2760 quidam,
634 2678 689 2760 qui
711 2677 796 2741 Vero
818 2679 1024 2762 probabatur.
1055 2679 1199 2764 insignis
1221 2702 1310 2743 error
1331 2680 1397 2742 fuit

252 2777 341 2860 Maii,
365 2779 420 2862 qui
441 2781 572 2862 putaret
592 2777 646 2842 hic
666 2778 907 2844 Demostratum
927 2781 1083 2865 intelligi,
1109 2782 1159 2845 cui
1186 2782 1396 2866 gravissimae

254 2903 326 2944 cum
347 2879 474 2944 Herode
495 2882 754 2945 intercessissent
774 2882 978 2966 inimicitiae,
1001 2884 1056 2946 sed
1079 2883 1257 2967 castigatus
1279 2906 1298 2947 a
1319 2882 1396 2947 Nie-

253 2982 367 3046 buhrio
395 2983 430 3045 in
457 2982 609 3049 Editione
631 2983 777 3049 Romana
799 2982 973 3048 Frontonis
994 2985 1110 3068 locum,
1139 3007 1233 3069 quem
1255 2986 1394 3069 laudavi,

252 3088 362 3149 tamen
388 3107 455 3149 non
481 3086 657 3170 intellexit,
690 3109 763 3150 cum
789 3089 920 3170 putaret
947 3087 982 3150 in
1010 3110 1047 3150 ea
1069 3089 1213 3152 oratione
1235 3088 1397 3152 Herodem

253 3188 389 3270 petitum
411 3188 520 3252 fuisse.

337 3292 367 3355 9.
412 3289 583 3354 Orationes
615 3312 674 3375 pro
701 3290 797 3356 Senio
831 3291 1037 3375 Pompeiane.
1082 3290 1132 3356 Of.
1161 3292 1201 3355 ad
1228 3292 1273 3355 M.
1304 3290 1395 3355 Caes

252 3391 293 3475 V,
316 3392 368 3457 34.

335 3496 389 3557 10.
435 3494 547 3558 Oratio
573 3495 608 3556 in
635 3494 802 3578 Pelopem,
837 3495 974 3559 fortasse
1001 3495 1093 3558 illum
1122 3494 1281 3558 medicum
1316 3495 1397 3558 satis

254 3595 427 3677 celebrem,
458 3595 552 3657 Aelio
579 3596 716 3659 Aristidi
739 3600 776 3660 ‘et
798 3595 931 3661 Claudio
954 3581 1078 3660 Galeno
1101 3600 1395 3660 commemoratum.

253 3700 293 3763 Iu
320 3698 381 3762 hoc
409 3718 503 3780 opere
538 3695 687 3760 Sidonius
716 3697 914 3780 Apollinaris
942 3698 1105 3761 existimat
1137 3698 1335 3762 Frontonem
1362 3720 1397 3761 se

254 3801 315 3864 sibi
337 3798 536 3884 praetulisse.

337 3901 445 3964 Pauca
477 3900 557 3963 mihi
590 3904 715 3964 restant
748 3901 914 3964 dicenda..
938 3901 1089 3966 Virorum
1122 3902 1287 3965 doctorum
1315 3924 1397 3986 quae

253 4004 332 4068 mihi
363 4005 576 4067 innotuerunt
608 4002 847 4066 emendationes
879 4003 985 4086 recepi
1018 4006 1146 4066 tantum
1177 4024 1244 4065 non
1270 4025 1393 4067 omnes

253 4106 386 4170 Praeter
400 4128 464 4188 eos,
489 4105 527 4168 de
549 4106 663 4188 quibus
686 4128 782 4188 supra
804 4105 881 4187 dixi,
906 4127 978 4168 cmn
999 4105 1092 4169 laude
1107 4099 1296 4169 nominandi
1318 4109 1397 4169 sunt

253 4208 431 4273 Ludovieus
449 4206 635 4290 Schopenus
658 4209 690 4271 et
708 4206 908 4270 Friedericus
929 4206 1102 4289 lacobsius,
1127 4228 1261 4289 quorum
1283 4207 1338 4270 ille
1360 4206 1396 4269 in

254 4312 375 4375 duobus
386 4309 635 4394 programmatis
647 4308 874 4372 Bonnensibus
881 4310 925 4370 Α0
936 4308 1019 4371 1830
1029 4311 1062 4370 et
1075 4308 1167 4390 1840,
1180 4307 1234 4371 hic
1244 4309 1279 4371 in
1286 4308 1395 4371 Wolfii

254 4413 421 4476 Analectis
432 4412 448 4474 I
459 4434 491 4493 p.
504 4411 563 4475 108
579 4414 612 4475 et
627 4412 662 4473 in
676 4411 928 4473 Zimmermarmi
943 4409 1043 4471 diario
1061 4410 1142 4473 1838
1157 4433 1189 4492 p.
1208 4410 1300 4492 1019,
1315 4431 1397 4474 com-

253 4516 360 4599 plures
374 4515 461 4577 locos
474 4513 613 4577 feliciter
626 4514 805 4576 tentarunt.
837 4511 1006 4574 Accedunt
1020 4511 1259 4574 emendationes
1275 4510 1399 4594 aliquot

254 4616 366 4680 Orellii
383 4619 456 4699 post
472 4616 645 4679 editionem
657 4614 787 4697 Dialogi
805 4614 844 4676 de
862 4612 1060 4677 Oratoribus.
1084 4612 1145 4677 Sed
1162 4613 1310 4676 omnibus
1330 4612 1398 4696 pal-

253 4739 339 4780 mam
351 4718 447 4780 facile
458 4717 659 4801 praeripiunt
671 4716 805 4779 eximiae
817 4716 1057 4779 emendationes
1068 4714 1215 4797 Hauptii,
1229 4736 1311 4798 quae
1325 4736 1398 4778 cum

123 4871 127 4876 .
255 4820 331 4882 alibi
353 4820 556 4902 prodienmt,
585 4823 655 4882 tum
682 4820 717 4881 in
740 4818 914 4881 novissimo
942 4819 1180 4900 programmate
1202 4816 1397 4879 Academiae

255 4919 482 4984 Berolinensis.
515 4920 813 5000 CommentationiS,
838 4940 934 5001 quam
956 4917 1124 4981 liesslerus
1146 4917 1247 4981 edidit
1268 4916 1397 5000 Lipsiae
