<?xml version="1.0" encoding="UTF-8"?>
<!DOCTYPE html PUBLIC "-//W3C//DTD XHTML 1.0 Transitional//EN"
    "http://www.w3.org/TR/xhtml1/DTD/xhtml1-transitional.dtd">
<html xmlns="http://www.w3.org/1999/xhtml" xml:lang="en" lang="en">
 <head>
  <title>
</title>
<meta http-equiv="Content-Type" content="text/html;charset=utf-8" />
  <meta name='ocr-system' content='tesseract 3.04.00' />
  <meta name='ocr-capabilities' content='ocr_page ocr_carea ocr_par ocr_line ocrx_word'/>
</head>
<body>
  <div class='ocr_page' id='page_1' title='image "./mcorneliifronto00frongoog/mcorneliifronto00frongoog_0224.png"; bbox 0 0 3300 6050; ppageno 0'>
   <div class='ocr_carea' id='block_1_1' title="bbox 276 860 1199 932">
    <p class='ocr_par' dir='ltr' id='par_1_1' title="bbox 276 860 1199 932">
     <span class='ocr_line' id='line_1_1' title="bbox 276 860 1199 932; baseline -0.01 -9"><span class='ocrx_word' id='word_1_1' title='bbox 276 869 336 932; x_wconf 86' lang='lat'>184</span> <span class='ocrx_word' id='word_1_2' title='bbox 483 864 518 918; x_wconf 94' lang='lat' dir='ltr'>M.</span> <span class='ocrx_word' id='word_1_3' title='bbox 531 864 700 918; x_wconf 81' lang='lat' dir='ltr'>CORNELII</span> <span class='ocrx_word' id='word_1_4' title='bbox 716 861 924 918; x_wconf 81' lang='lat' dir='ltr'><strong>FRONTONIS</strong></span> <span class='ocrx_word' id='word_1_5' title='bbox 942 860 1199 916; x_wconf 81' lang='lat' dir='ltr'>EPISTULARUM</span> 
     </span>
    </p>
   </div>
   <div class='ocr_carea' id='block_1_2' title="bbox 274 1031 1417 1322">
    <p class='ocr_par' dir='ltr' id='par_1_2' title="bbox 274 1031 1417 1322">
     <span class='ocr_line' id='line_1_2' title="bbox 276 1031 1417 1120; baseline -0.004 -20"><span class='ocrx_word' id='word_1_6' title='bbox 276 1037 369 1120; x_wconf 89' lang='lat' dir='ltr'>quidl</span> <span class='ocrx_word' id='word_1_7' title='bbox 392 1036 427 1099; x_wconf 94' lang='lat' dir='ltr'>in</span> <span class='ocrx_word' id='word_1_8' title='bbox 450 1034 545 1098; x_wconf 89' lang='lat' dir='ltr'>simili</span> <span class='ocrx_word' id='word_1_9' title='bbox 568 1056 602 1097; x_wconf 92' lang='lat' dir='ltr'>re</span> <span class='ocrx_word' id='word_1_10' title='bbox 624 1033 666 1098; x_wconf 89' lang='lat' dir='ltr'>M.</span> <span class='ocrx_word' id='word_1_11' title='bbox 689 1032 813 1097; x_wconf 81' lang='lat' dir='ltr'>Tullius</span> <span class='ocrx_word' id='word_1_12' title='bbox 840 1055 899 1117; x_wconf 89' lang='lat' dir='ltr'>pro</span> <span class='ocrx_word' id='word_1_13' title='bbox 921 1031 978 1096; x_wconf 68' lang='lat' dir='ltr'><em>w</em></span> <span class='ocrx_word' id='word_1_14' title='bbox 1001 1032 1088 1116; x_wconf 81' lang='lat' dir='ltr'>Sylla</span> <span class='ocrx_word' id='word_1_15' title='bbox 1111 1033 1239 1116; x_wconf 83' lang='lat' dir='ltr'>egregie</span> <span class='ocrx_word' id='word_1_16' title='bbox 1262 1033 1417 1096; x_wconf 88' lang='lat' dir='ltr'>scribtum</span> 
     </span>
     <span class='ocr_line' id='line_1_3' title="bbox 274 1135 1417 1222; baseline -0.004 -20"><span class='ocrx_word' id='word_1_17' title='bbox 274 1137 419 1222; x_wconf 87' lang='lat' dir='ltr'>reliquit:</span> <span class='ocrx_word' id='word_1_18' title='bbox 448 1158 514 1200; x_wconf 94' lang='lat' dir='ltr'>non</span> <span class='ocrx_word' id='word_1_19' title='bbox 536 1140 572 1199; x_wconf 90' lang='lat' dir='ltr'>ut</span> <span class='ocrx_word' id='word_1_20' title='bbox 594 1159 653 1220; x_wconf 92' lang='lat' dir='ltr'>par</span> <span class='ocrx_word' id='word_1_21' title='bbox 674 1137 744 1218; x_wconf 89' lang='lat' dir='ltr'>pari</span> <span class='ocrx_word' id='word_1_22' title='bbox 767 1156 942 1219; x_wconf 87' lang='lat' dir='ltr'>compares,</span> <span class='ocrx_word' id='word_1_23' title='bbox 966 1135 1021 1198; x_wconf 92' lang='lat' dir='ltr'>sed</span> <span class='ocrx_word' id='word_1_24' title='bbox 1043 1137 1080 1198; x_wconf 92' lang='lat' dir='ltr'>ut</span> <span class='ocrx_word' id='word_1_25' title='bbox 1102 1135 1249 1198; x_wconf 74' lang='lat' dir='ltr'>aestimes</span> <span class='ocrx_word' id='word_1_26' title='bbox 1271 1138 1417 1197; x_wconf 90' lang='lat' dir='ltr'>nostrum</span> 
     </span>
     <span class='ocr_line' id='line_1_4' title="bbox 275 1236 1417 1322; baseline -0.004 -19"><span class='ocrx_word' id='word_1_27' title='bbox 275 1240 434 1303; x_wconf 79' lang='lat' dir='ltr'>mediocre</span> <span class='ocrx_word' id='word_1_28' title='bbox 462 1237 630 1322; x_wconf 82' lang='lat' dir='ltr'>ingenium</span> <span class='ocrx_word' id='word_1_29' title='bbox 652 1239 809 1321; x_wconf 89' lang='lat' dir='ltr'>quantum</span> <span class='ocrx_word' id='word_1_30' title='bbox 832 1236 949 1300; x_wconf 92' lang='lat' dir='ltr'>abillo</span> <span class='ocrx_word' id='word_1_31' title='bbox 972 1236 1106 1299; x_wconf 81' lang='lat' dir='ltr'>eximiae</span> <span class='ocrx_word' id='word_1_32' title='bbox 1127 1236 1326 1322; x_wconf 71' lang='lat' dir='ltr'>eloquentiae</span> <span class='ocrx_word' id='word_1_33' title='bbox 1349 1236 1417 1299; x_wconf 85' lang='lat' dir='ltr'>viro</span> 
     </span>
    </p>
   </div>
   <div class='ocr_carea' id='block_1_3' title="bbox 276 1341 1299 1538">
    <p class='ocr_par' dir='ltr' id='par_1_3' title="bbox 276 1341 1299 1538">
     <span class='ocr_line' id='line_1_5' title="bbox 276 1341 417 1404; baseline 0 0"><span class='ocrx_word' id='word_1_34' title='bbox 276 1341 417 1404; x_wconf 77' lang='lat' dir='ltr'>abfuat3.</span> 
     </span>
     <span class='ocr_line' id='line_1_6' title="bbox 387 1452 1299 1538; baseline -0.004 -14"><span class='ocrx_word' id='word_1_35' title='bbox 387 1457 465 1524; x_wconf 88' lang='lat' dir='ltr'>XV.</span> <span class='ocrx_word' id='word_1_36' title='bbox 483 1483 484 1486; x_wconf 41' lang='lat'>¹</span> <span class='ocrx_word' id='word_1_37' title='bbox 502 1458 638 1524; x_wconf 83' lang='lat' dir='ltr'>Fronto</span> <span class='ocrx_word' id='word_1_38' title='bbox 660 1457 840 1522; x_wconf 85' lang='lat' dir='ltr'>Praecilio</span> <span class='ocrx_word' id='word_1_39' title='bbox 862 1456 1098 1538; x_wconf 69' lang='grc' dir='ltr'>Ρο111111111104</span> <span class='ocrx_word' id='word_1_40' title='bbox 1123 1452 1299 1521; x_wconf 81' lang='lat' dir='ltr'>Salutem.</span> 
     </span>
    </p>
   </div>
   <div class='ocr_carea' id='block_1_4' title="bbox 227 1576 1422 3693">
    <p class='ocr_par' dir='ltr' id='par_1_4' title="bbox 227 1576 1422 3693">
     <span class='ocr_line' id='line_1_7' title="bbox 361 1576 1418 1660; baseline -0.002 -19"><span class='ocrx_word' id='word_1_41' title='bbox 361 1577 482 1642; x_wconf 89' lang='lat' dir='ltr'>Verum</span> <span class='ocrx_word' id='word_1_42' title='bbox 504 1599 542 1639; x_wconf 92' lang='lat' dir='ltr'>ex</span> <span class='ocrx_word' id='word_1_43' title='bbox 563 1599 625 1659; x_wconf 93' lang='lat' dir='ltr'>me,</span> <span class='ocrx_word' id='word_1_44' title='bbox 649 1577 693 1640; x_wconf 91' lang='lat' dir='ltr'>mi</span> <span class='ocrx_word' id='word_1_45' title='bbox 715 1576 920 1660; x_wconf 85' lang='lat' dir='ltr'>Pompeiane,</span> <span class='ocrx_word' id='word_1_46' title='bbox 944 1576 992 1638; x_wconf 92' lang='lat' dir='ltr'>uti</span> <span class='ocrx_word' id='word_1_47' title='bbox 1014 1598 1065 1639; x_wconf 90' lang='lat' dir='ltr'>res</span> <span class='ocrx_word' id='word_1_48' title='bbox 1088 1579 1137 1639; x_wconf 89' lang='lat' dir='ltr'>est</span> <span class='ocrx_word' id='word_1_49' title='bbox 1159 1576 1284 1658; x_wconf 71' lang='lat' dir='ltr'>audies,</span> <span class='ocrx_word' id='word_1_50' title='bbox 1310 1577 1418 1640; x_wconf 87' lang='lat' dir='ltr'>velim-</span> 
     </span>
     <span class='ocr_line' id='line_1_8' title="bbox 277 1676 1418 1764; baseline -0.004 -20"><span class='ocrx_word' id='word_1_51' title='bbox 277 1703 337 1764; x_wconf 92' lang='lat' dir='ltr'>que</span> <span class='ocrx_word' id='word_1_52' title='bbox 360 1684 392 1743; x_wconf 92' lang='lat' dir='ltr'>te</span> <span class='ocrx_word' id='word_1_53' title='bbox 415 1678 495 1742; x_wconf 89' lang='lat' dir='ltr'>mihi</span> <span class='ocrx_word' id='word_1_54' title='bbox 518 1677 663 1764; x_wconf 72' lang='lat' dir='ltr'>veruml⁵</span> <span class='ocrx_word' id='word_1_55' title='bbox 686 1677 807 1741; x_wconf 88' lang='lat' dir='ltr'>dicenti</span> <span class='ocrx_word' id='word_1_56' title='bbox 829 1678 925 1741; x_wconf 90' lang='lat' dir='ltr'>fidem</span> <span class='ocrx_word' id='word_1_57' title='bbox 939 1677 1068 1741; x_wconf 86' lang='lat' dir='ltr'>habere.</span> <span class='ocrx_word' id='word_1_58' title='bbox 1114 1676 1300 1742; x_wconf 75' lang='lat' dir='ltr'>Orationem</span> <span class='ocrx_word' id='word_1_59' title='bbox 1322 1678 1418 1740; x_wconf 91' lang='lat' dir='ltr'>istam</span> 
     </span>
     <span class='ocr_line' id='line_1_9' title="bbox 276 1780 1418 1866; baseline -0.003 -21"><span class='ocrx_word' id='word_1_60' title='bbox 276 1803 334 1866; x_wconf 91' lang='lat' dir='ltr'>pro</span> <span class='ocrx_word' id='word_1_61' title='bbox 357 1780 509 1864; x_wconf 85' lang='lat' dir='ltr'>Bithynis</span> <span class='ocrx_word' id='word_1_62' title='bbox 538 1782 613 1842; x_wconf 91' lang='lat' dir='ltr'>ante</span> <span class='ocrx_word' id='word_1_63' title='bbox 643 1801 764 1842; x_wconf 91' lang='lat' dir='ltr'>annum</span> <span class='ocrx_word' id='word_1_64' title='bbox 792 1780 861 1843; x_wconf 89' lang='lat' dir='ltr'>fere</span> <span class='ocrx_word' id='word_1_65' title='bbox 883 1781 917 1844; x_wconf 91' lang='lat' dir='ltr'>in</span> <span class='ocrx_word' id='word_1_66' title='bbox 940 1802 1054 1843; x_wconf 89' lang='lat' dir='ltr'>manus</span> <span class='ocrx_word' id='word_1_67' title='bbox 1077 1801 1275 1863; x_wconf 84' lang='lat' dir='ltr'>sumpseram</span> <span class='ocrx_word' id='word_1_68' title='bbox 1297 1782 1330 1843; x_wconf 89' lang='lat' dir='ltr'>et</span> <span class='ocrx_word' id='word_1_69' title='bbox 1352 1801 1418 1843; x_wconf 90' lang='lat' dir='ltr'>cor-</span> 
     </span>
     <span class='ocr_line' id='line_1_10' title="bbox 276 1880 1419 1967; baseline -0.003 -21"><span class='ocrx_word' id='word_1_70' title='bbox 276 1884 382 1967; x_wconf 89' lang='lat' dir='ltr'>rigere</span> <span class='ocrx_word' id='word_1_71' title='bbox 403 1881 618 1945; x_wconf 88' lang='lat' dir='ltr'>institueram.</span> <span class='ocrx_word' id='word_1_72' title='bbox 649 1880 722 1944; x_wconf 83' lang='lat' dir='ltr'>Tibi</span> <span class='ocrx_word' id='word_1_73' title='bbox 745 1881 843 1944; x_wconf 88' lang='lat' dir='ltr'>etiam</span> <span class='ocrx_word' id='word_1_74' title='bbox 866 1880 987 1944; x_wconf 89' lang='lat' dir='ltr'>Romae</span> <span class='ocrx_word' id='word_1_75' title='bbox 1014 1883 1091 1944; x_wconf 88' lang='lat' dir='ltr'>tnnc</span> <span class='ocrx_word' id='word_1_76' title='bbox 1115 1882 1226 1965; x_wconf 92' lang='lat' dir='ltr'>agenti</span> <span class='ocrx_word' id='word_1_77' title='bbox 1247 1881 1419 1945; x_wconf 72' lang='lat' dir='ltr'>nonnihil⁶</span> 
     </span>
     <span class='ocr_line' id='line_1_11' title="bbox 227 1983 1417 2066; baseline -0.002 -18"><span class='ocrx_word' id='word_1_78' title='bbox 227 2018 231 2022; x_wconf 84' lang='grc'><em>·</em></span> <span class='ocrx_word' id='word_1_79' title='bbox 277 1985 315 2048; x_wconf 90' lang='lat' dir='ltr'>de</span> <span class='ocrx_word' id='word_1_80' title='bbox 343 1985 406 2047; x_wconf 92' lang='lat' dir='ltr'>ista</span> <span class='ocrx_word' id='word_1_81' title='bbox 434 1983 578 2046; x_wconf 88' lang='lat' dir='ltr'>oratione</span> <span class='ocrx_word' id='word_1_82' title='bbox 600 1984 818 2066; x_wconf 86' lang='lat' dir='ltr'>promiseram.</span> <span class='ocrx_word' id='word_1_83' title='bbox 864 1983 909 2046; x_wconf 85' lang='lat' dir='ltr'>Et</span> <span class='ocrx_word' id='word_1_84' title='bbox 930 1983 1075 2066; x_wconf 90' lang='lat' dir='ltr'>quidem,</span> <span class='ocrx_word' id='word_1_85' title='bbox 1106 1984 1133 2046; x_wconf 92' lang='lat' dir='ltr'>si</span> <span class='ocrx_word' id='word_1_86' title='bbox 1160 1986 1247 2046; x_wconf 89' lang='lat' dir='ltr'>recte</span> <span class='ocrx_word' id='word_1_87' title='bbox 1274 1984 1417 2066; x_wconf 88' lang='lat' dir='ltr'>memini,</span> 
     </span>
     <span class='ocr_line' id='line_1_12' title="bbox 278 2084 1417 2168; baseline -0.002 -18"><span class='ocrx_word' id='word_1_88' title='bbox 278 2086 367 2150; x_wconf 73' lang='lat' dir='ltr'>cum⁷</span> <span class='ocrx_word' id='word_1_89' title='bbox 385 2106 489 2149; x_wconf 88' lang='lat' dir='ltr'>senno</span> <span class='ocrx_word' id='word_1_90' title='bbox 504 2085 590 2147; x_wconf 89' lang='lat' dir='ltr'>inter</span> <span class='ocrx_word' id='word_1_91' title='bbox 604 2105 663 2148; x_wconf 92' lang='lat' dir='ltr'>nos</span> <span class='ocrx_word' id='word_1_92' title='bbox 679 2085 717 2148; x_wconf 93' lang='lat' dir='ltr'>de</span> <span class='ocrx_word' id='word_1_93' title='bbox 738 2084 988 2168; x_wconf 80' lang='lat' dir='ltr'>partitionibus8</span> <span class='ocrx_word' id='word_1_94' title='bbox 1010 2084 1191 2147; x_wconf 87' lang='lat' dir='ltr'>orationum</span> <span class='ocrx_word' id='word_1_95' title='bbox 1213 2088 1301 2148; x_wconf 90' lang='lat' dir='ltr'>ortus</span> <span class='ocrx_word' id='word_1_96' title='bbox 1324 2088 1417 2167; x_wconf 90' lang='lat' dir='ltr'>esset,</span> 
     </span>
     <span class='ocr_line' id='line_1_13' title="bbox 278 2185 1419 2270; baseline -0.004 -18"><span class='ocrx_word' id='word_1_97' title='bbox 278 2189 420 2252; x_wconf 87' lang='lat' dir='ltr'>dixeram</span> <span class='ocrx_word' id='word_1_98' title='bbox 443 2189 475 2249; x_wconf 89' lang='lat' dir='ltr'>ct</span> <span class='ocrx_word' id='word_1_99' title='bbox 497 2208 574 2269; x_wconf 89' lang='lat' dir='ltr'>prae</span> <span class='ocrx_word' id='word_1_100' title='bbox 596 2209 646 2250; x_wconf 91' lang='lat' dir='ltr'>me</span> <span class='ocrx_word' id='word_1_101' title='bbox 668 2189 815 2268; x_wconf 88' lang='lat' dir='ltr'>tuleram,</span> <span class='ocrx_word' id='word_1_102' title='bbox 840 2187 918 2249; x_wconf 89' lang='lat' dir='ltr'>satis</span> <span class='ocrx_word' id='word_1_103' title='bbox 940 2207 991 2250; x_wconf 91' lang='lat' dir='ltr'>me</span> <span class='ocrx_word' id='word_1_104' title='bbox 1013 2185 1187 2270; x_wconf 88' lang='lat' dir='ltr'>diligenter</span> <span class='ocrx_word' id='word_1_105' title='bbox 1208 2187 1243 2249; x_wconf 93' lang='lat' dir='ltr'>in</span> <span class='ocrx_word' id='word_1_106' title='bbox 1264 2187 1328 2250; x_wconf 91' lang='lat' dir='ltr'>ista</span> <span class='ocrx_word' id='word_1_107' title='bbox 1350 2209 1419 2250; x_wconf 93' lang='lat' dir='ltr'>ora-</span> 
     </span>
     <span class='ocr_line' id='line_1_14' title="bbox 276 2287 1420 2371; baseline -0.002 -18"><span class='ocrx_word' id='word_1_108' title='bbox 276 2289 364 2353; x_wconf 88' lang='lat' dir='ltr'>tione</span> <span class='ocrx_word' id='word_1_109' title='bbox 388 2287 634 2370; x_wconf 75' lang='lat' dir='ltr'>coniecturam9,</span> <span class='ocrx_word' id='word_1_110' title='bbox 659 2310 740 2371; x_wconf 91' lang='lat' dir='ltr'>quae</span> <span class='ocrx_word' id='word_1_111' title='bbox 755 2288 790 2351; x_wconf 89' lang='lat' dir='ltr'>in</span> <span class='ocrx_word' id='word_1_112' title='bbox 807 2287 940 2351; x_wconf 91' lang='lat' dir='ltr'>crimine</span> <span class='ocrx_word' id='word_1_113' title='bbox 961 2288 1132 2351; x_wconf 88' lang='lat' dir='ltr'>mandatae</span> <span class='ocrx_word' id='word_1_114' title='bbox 1156 2288 1261 2351; x_wconf 90' lang='lat' dir='ltr'>caedis</span> <span class='ocrx_word' id='word_1_115' title='bbox 1283 2291 1420 2352; x_wconf 87' lang='lat' dir='ltr'>vertere-</span> 
     </span>
     <span class='ocr_line' id='line_1_15' title="bbox 276 2389 1419 2473; baseline -0.001 -19"><span class='ocrx_word' id='word_1_116' title='bbox 276 2394 339 2472; x_wconf 85' lang='lat' dir='ltr'>tur,</span> <span class='ocrx_word' id='word_1_117' title='bbox 364 2389 507 2453; x_wconf 78' lang='lat' dir='ltr'>divisisse</span> <span class='ocrx_word' id='word_1_118' title='bbox 531 2390 729 2473; x_wconf 89' lang='lat' dir='ltr'>argumentis</span> <span class='ocrx_word' id='word_1_119' title='bbox 753 2411 790 2453; x_wconf 92' lang='lat' dir='ltr'>ac</span> <span class='ocrx_word' id='word_1_120' title='bbox 812 2390 979 2453; x_wconf 88' lang='lat' dir='ltr'>refutasse.</span> <span class='ocrx_word' id='word_1_121' title='bbox 1024 2390 1153 2453; x_wconf 85' lang='lat' dir='ltr'>Interea</span> <span class='ocrx_word' id='word_1_122' title='bbox 1175 2411 1345 2453; x_wconf 88' lang='lat' dir='ltr'>nervorum</span> <span class='ocrx_word' id='word_1_123' title='bbox 1367 2390 1419 2453; x_wconf 96' lang='lat' dir='ltr'>do-</span> 
     </span>
     <span class='ocr_line' id='line_1_16' title="bbox 277 2490 1420 2574; baseline -0.002 -18"><span class='ocrx_word' id='word_1_124' title='bbox 277 2492 325 2556; x_wconf 88' lang='lat' dir='ltr'>lor</span> <span class='ocrx_word' id='word_1_125' title='bbox 348 2491 441 2555; x_wconf 88' lang='lat' dir='ltr'>solito</span> <span class='ocrx_word' id='word_1_126' title='bbox 463 2490 682 2555; x_wconf 86' lang='lat' dir='ltr'>vehementior</span> <span class='ocrx_word' id='word_1_127' title='bbox 703 2512 754 2554; x_wconf 90' lang='lat' dir='ltr'>me</span> <span class='ocrx_word' id='word_1_128' title='bbox 776 2491 905 2574; x_wconf 88' lang='lat' dir='ltr'>invasit,</span> <span class='ocrx_word' id='word_1_129' title='bbox 930 2495 962 2554; x_wconf 90' lang='lat' dir='ltr'>et</span> <span class='ocrx_word' id='word_1_130' title='bbox 984 2490 1104 2553; x_wconf 82' lang='lat' dir='ltr'>diutius</span> <span class='ocrx_word' id='word_1_131' title='bbox 1127 2512 1164 2553; x_wconf 90' lang='lat' dir='ltr'>ac</span> <span class='ocrx_word' id='word_1_132' title='bbox 1185 2491 1349 2554; x_wconf 90' lang='lat' dir='ltr'>molestius</span> <span class='ocrx_word' id='word_1_133' title='bbox 1372 2513 1420 2554; x_wconf 89' lang='lat' dir='ltr'>so-</span> 
     </span>
     <span class='ocr_line' id='line_1_17' title="bbox 277 2591 1420 2677; baseline 0.001 -22"><span class='ocrx_word' id='word_1_134' title='bbox 277 2593 335 2656; x_wconf 92' lang='lat' dir='ltr'>lito</span> <span class='ocrx_word' id='word_1_135' title='bbox 363 2594 540 2656; x_wconf 89' lang='lat' dir='ltr'>remoratus</span> <span class='ocrx_word' id='word_1_136' title='bbox 568 2595 625 2654; x_wconf 90' lang='lat' dir='ltr'>est.</span> <span class='ocrx_word' id='word_1_137' title='bbox 671 2591 740 2656; x_wconf 91' lang='lat' dir='ltr'>Nec</span> <span class='ocrx_word' id='word_1_138' title='bbox 773 2614 904 2676; x_wconf 89' lang='lat' dir='ltr'>possum</span> <span class='ocrx_word' id='word_1_139' title='bbox 936 2613 996 2677; x_wconf 90' lang='lat' dir='ltr'>ego</span> <span class='ocrx_word' id='word_1_140' title='bbox 1023 2592 1174 2655; x_wconf 88' lang='lat' dir='ltr'>membris</span> <span class='ocrx_word' id='word_1_141' title='bbox 1203 2593 1420 2656; x_wconf 90' lang='lat' dir='ltr'>cruciantibus</span> 
     </span>
     <span class='ocr_line' id='line_1_18' title="bbox 278 2693 1421 2779; baseline 0 -22"><span class='ocrx_word' id='word_1_142' title='bbox 278 2716 409 2779; x_wconf 89' lang='lat' dir='ltr'>operam</span> <span class='ocrx_word' id='word_1_143' title='bbox 435 2693 535 2757; x_wconf 88' lang='lat' dir='ltr'>ullam</span> <span class='ocrx_word' id='word_1_144' title='bbox 562 2694 679 2757; x_wconf 88' lang='lat' dir='ltr'>litteris</span> <span class='ocrx_word' id='word_1_145' title='bbox 708 2694 885 2758; x_wconf 76' lang='lat' dir='ltr'>scribendis</span> <span class='ocrx_word' id='word_1_146' title='bbox 913 2693 1096 2778; x_wconf 86' lang='lat' dir='ltr'>legendisve</span> <span class='ocrx_word' id='word_1_147' title='bbox 1128 2695 1326 2777; x_wconf 72' lang='lat' dir='ltr'>impendere,</span> <span class='ocrx_word' id='word_1_148' title='bbox 1359 2716 1421 2758; x_wconf 90' lang='lat' dir='ltr'>neo</span> 
     </span>
     <span class='ocr_line' id='line_1_19' title="bbox 278 2794 1421 2879; baseline -0.002 -19"><span class='ocrx_word' id='word_1_149' title='bbox 278 2817 430 2879; x_wconf 88' lang='lat' dir='ltr'>umquam</span> <span class='ocrx_word' id='word_1_150' title='bbox 452 2795 535 2859; x_wconf 90' lang='lat' dir='ltr'>istuc</span> <span class='ocrx_word' id='word_1_151' title='bbox 558 2817 577 2858; x_wconf 91' lang='grc'>1</span> <span class='ocrx_word' id='word_1_152' title='bbox 598 2817 648 2858; x_wconf 93' lang='lat' dir='ltr'>me</span> <span class='ocrx_word' id='word_1_153' title='bbox 670 2795 951 2879; x_wconf 87' lang='lat' dir='ltr'>postulareausus</span> <span class='ocrx_word' id='word_1_154' title='bbox 974 2818 1054 2859; x_wconf 91' lang='lat' dir='ltr'>sum.</span> <span class='ocrx_word' id='word_1_155' title='bbox 1099 2794 1301 2879; x_wconf 90' lang='lat' dir='ltr'>Philosophis</span> <span class='ocrx_word' id='word_1_156' title='bbox 1323 2797 1421 2858; x_wconf 89' lang='lat' dir='ltr'>etiam</span> 
     </span>
     <span class='ocr_line' id='line_1_20' title="bbox 278 2896 1421 2981; baseline -0.001 -20"><span class='ocrx_word' id='word_1_157' title='bbox 278 2896 421 2961; x_wconf 89' lang='lat' dir='ltr'>mirificis</span> <span class='ocrx_word' id='word_1_158' title='bbox 455 2896 638 2960; x_wconf 89' lang='lat' dir='ltr'>hominibus</span> <span class='ocrx_word' id='word_1_159' title='bbox 671 2897 869 2980; x_wconf 78' lang='lat' dir='ltr'>dicentibus,</span> <span class='ocrx_word' id='word_1_160' title='bbox 905 2898 1083 2981; x_wconf 91' lang='lat' dir='ltr'>sapientem</span> <span class='ocrx_word' id='word_1_161' title='bbox 1120 2898 1223 2960; x_wconf 83' lang='lat' dir='ltr'>virum</span> <span class='ocrx_word' id='word_1_162' title='bbox 1256 2897 1353 2960; x_wconf 87' lang='lat' dir='ltr'>etiam</span> <span class='ocrx_word' id='word_1_163' title='bbox 1385 2897 1421 2960; x_wconf 95' lang='lat' dir='ltr'>in</span> 
     </span>
     <span class='ocr_line' id='line_1_21' title="bbox 278 2997 1421 3081; baseline 0 -18"><span class='ocrx_word' id='word_1_164' title='bbox 278 2997 458 3063; x_wconf 90' lang='lat' dir='ltr'>Phalaridis</span> <span class='ocrx_word' id='word_1_165' title='bbox 467 2997 493 3039; x_wconf 88' lang='lat'>¹⁰</span> <span class='ocrx_word' id='word_1_166' title='bbox 505 3001 597 3062; x_wconf 89' lang='lat' dir='ltr'>tauro</span> <span class='ocrx_word' id='word_1_167' title='bbox 612 2998 772 3063; x_wconf 91' lang='lat' dir='ltr'>inclusum</span> <span class='ocrx_word' id='word_1_168' title='bbox 789 2999 920 3064; x_wconf 90' lang='lat' dir='ltr'>beatum</span> <span class='ocrx_word' id='word_1_169' title='bbox 935 2997 1143 3063; x_wconf 90' lang='lat' dir='ltr'>nihilominus</span> <span class='ocrx_word' id='word_1_170' title='bbox 1158 2999 1227 3062; x_wconf 89' lang='lat' dir='ltr'>fore</span> <span class='ocrx_word' id='word_1_171' title='bbox 1237 2998 1271 3081; x_wconf 89' lang='lat'>¹¹,</span> <span class='ocrx_word' id='word_1_172' title='bbox 1293 2999 1421 3063; x_wconf 86' lang='lat' dir='ltr'>facilius</span> 
     </span>
     <span class='ocr_line' id='line_1_22' title="bbox 281 3100 1422 3188; baseline 0 -24"><span class='ocrx_word' id='word_1_173' title='bbox 281 3100 469 3165; x_wconf 80' lang='lat' dir='ltr'>crediderim</span> <span class='ocrx_word' id='word_1_174' title='bbox 491 3100 620 3188; x_wconf 85' lang='lat' dir='ltr'>beatum</span> <span class='ocrx_word' id='word_1_175' title='bbox 643 3123 715 3165; x_wconf 90' lang='lat' dir='ltr'>eum</span> <span class='ocrx_word' id='word_1_176' title='bbox 736 3103 815 3185; x_wconf 85' lang='lat' dir='ltr'>fore,</span> <span class='ocrx_word' id='word_1_177' title='bbox 840 3123 936 3185; x_wconf 91' lang='lat' dir='ltr'>quam</span> <span class='ocrx_word' id='word_1_178' title='bbox 958 3122 1050 3185; x_wconf 90' lang='lat' dir='ltr'>posse</span> <span class='ocrx_word' id='word_1_179' title='bbox 1065 3101 1225 3184; x_wconf 87' lang='lat' dir='ltr'>tantisper</span> <span class='ocrx_word' id='word_1_180' title='bbox 1240 3101 1422 3164; x_wconf 86' lang='lat' dir='ltr'>amburenti</span> 
     </span>
     <span class='ocr_line' id='line_1_23' title="bbox 279 3201 1419 3287; baseline -0.001 -21"><span class='ocrx_word' id='word_1_181' title='bbox 279 3203 314 3266; x_wconf 92' lang='lat' dir='ltr'>in</span> <span class='ocrx_word' id='word_1_182' title='bbox 342 3201 445 3266; x_wconf 90' lang='lat' dir='ltr'>aheno</span> <span class='ocrx_word' id='word_1_183' title='bbox 474 3201 692 3286; x_wconf 89' lang='lat' dir='ltr'>prohoemium</span> <span class='ocrx_word' id='word_1_184' title='bbox 715 3204 862 3267; x_wconf 90' lang='lat' dir='ltr'>meditari</span> <span class='ocrx_word' id='word_1_185' title='bbox 903 3205 959 3266; x_wconf 89' lang='lat' dir='ltr'>aut</span> <span class='ocrx_word' id='word_1_186' title='bbox 982 3202 1248 3287; x_wconf 77' lang='lat' dir='ltr'>epigrammata¹2</span> <span class='ocrx_word' id='word_1_187' title='bbox 1270 3204 1419 3266; x_wconf 89' lang='lat' dir='ltr'>scrihere.</span> 
     </span>
     <span class='ocr_line' id='line_1_24' title="bbox 279 3301 1421 3389; baseline -0.002 -20"><span class='ocrx_word' id='word_1_188' title='bbox 279 3301 500 3369; x_wconf 85' lang='lat' dir='ltr'>Reconciliata</span> <span class='ocrx_word' id='word_1_189' title='bbox 523 3305 636 3368; x_wconf 90' lang='lat' dir='ltr'>deinde</span> <span class='ocrx_word' id='word_1_190' title='bbox 659 3304 738 3368; x_wconf 86' lang='lat' dir='ltr'>mihi</span> <span class='ocrx_word' id='word_1_191' title='bbox 760 3305 859 3389; x_wconf 88' lang='lat' dir='ltr'>longo</span> <span class='ocrx_word' id='word_1_192' title='bbox 887 3307 960 3388; x_wconf 89' lang='lat' dir='ltr'>post</span> <span class='ocrx_word' id='word_1_193' title='bbox 986 3307 1129 3388; x_wconf 84' lang='lat' dir='ltr'>tempore</span> <span class='ocrx_word' id='word_1_194' title='bbox 1153 3305 1316 3367; x_wconf 89' lang='lat' dir='ltr'>commoda</span> <span class='ocrx_word' id='word_1_195' title='bbox 1337 3303 1421 3367; x_wconf 86' lang='lat' dir='ltr'>vale-</span> 
     </span>
     <span class='ocr_line' id='line_1_25' title="bbox 279 3393 1421 3490; baseline -0.002 -19"><span class='ocrx_word' id='word_1_196' title='bbox 279 3406 391 3471; x_wconf 90' lang='lat' dir='ltr'>tudine</span> <span class='ocrx_word' id='word_1_197' title='bbox 425 3406 504 3469; x_wconf 88' lang='lat' dir='ltr'>alias</span> <span class='ocrx_word' id='word_1_198' title='bbox 532 3406 584 3490; x_wconf 89' lang='lat' dir='ltr'>egi</span> <span class='ocrx_word' id='word_1_199' title='bbox 612 3427 662 3469; x_wconf 93' lang='lat' dir='ltr'>res</span> <span class='ocrx_word' id='word_1_200' title='bbox 684 3406 806 3490; x_wconf 87' lang='lat' dir='ltr'>potius:</span> <span class='ocrx_word' id='word_1_201' title='bbox 844 3407 994 3469; x_wconf 89' lang='lat' dir='ltr'>adversus</span> <span class='ocrx_word' id='word_1_202' title='bbox 1021 3406 1124 3488; x_wconf 26' lang='lat' dir='ltr'>istam,</span> <span class='ocrx_word' id='word_1_203' title='bbox 1147 3393 1324 3470; x_wconf 81' lang='lat' dir='ltr'>orationem</span> <span class='ocrx_word' id='word_1_204' title='bbox 1347 3406 1421 3469; x_wconf 90' lang='lat' dir='ltr'>alie-</span> 
     </span>
     <span class='ocr_line' id='line_1_26' title="bbox 280 3507 1422 3592; baseline -0.001 -21"><span class='ocrx_word' id='word_1_205' title='bbox 280 3511 357 3572; x_wconf 90' lang='lat' dir='ltr'>nato</span> <span class='ocrx_word' id='word_1_206' title='bbox 380 3507 486 3571; x_wconf 90' lang='lat' dir='ltr'>animo</span> <span class='ocrx_word' id='word_1_207' title='bbox 508 3508 571 3592; x_wconf 73' lang='lat' dir='ltr'>fui,</span> <span class='ocrx_word' id='word_1_208' title='bbox 594 3530 654 3571; x_wconf 90' lang='lat' dir='ltr'>nec</span> <span class='ocrx_word' id='word_1_209' title='bbox 676 3507 808 3591; x_wconf 87' lang='lat' dir='ltr'>pudebit</span> <span class='ocrx_word' id='word_1_210' title='bbox 823 3530 873 3571; x_wconf 92' lang='lat' dir='ltr'>me</span> <span class='ocrx_word' id='word_1_211' title='bbox 894 3508 991 3571; x_wconf 91' lang='lat' dir='ltr'>fateri</span> <span class='ocrx_word' id='word_1_212' title='bbox 999 3507 1024 3549; x_wconf 78' lang='lat'>¹3</span> <span class='ocrx_word' id='word_1_213' title='bbox 1046 3508 1154 3572; x_wconf 91' lang='lat' dir='ltr'>odium</span> <span class='ocrx_word' id='word_1_214' title='bbox 1171 3529 1208 3571; x_wconf 90' lang='grc'>11</span> <span class='ocrx_word' id='word_1_215' title='bbox 1224 3507 1422 3571; x_wconf 89' lang='lat' dir='ltr'>simultatem</span> 
     </span>
     <span class='ocr_line' id='line_1_27' title="bbox 282 3607 1422 3693; baseline -0.001 -20"><span class='ocrx_word' id='word_1_216' title='bbox 282 3658 788 3673; x_wconf 89' lang='grc'><strong>................</strong></span> <span class='ocrx_word' id='word_1_217' title='bbox 799 3609 839 3692; x_wconf 73' lang='lat'>[¹⁴</span> <span class='ocrx_word' id='word_1_218' title='bbox 863 3659 870 3672; x_wconf 86' lang='lat'>.</span> <span class='ocrx_word' id='word_1_219' title='bbox 896 3661 902 3672; x_wconf 87' lang='lat'>.</span> <span class='ocrx_word' id='word_1_220' title='bbox 929 3659 935 3672; x_wconf 93' lang='lat'>.</span> <span class='ocrx_word' id='word_1_221' title='bbox 980 3607 1078 3672; x_wconf 87' lang='lat' dir='ltr'>Redit</span> <span class='ocrx_word' id='word_1_222' title='bbox 1106 3609 1207 3693; x_wconf 90' lang='lat' dir='ltr'>igitur</span> <span class='ocrx_word' id='word_1_223' title='bbox 1234 3612 1308 3693; x_wconf 90' lang='lat' dir='ltr'>post</span> <span class='ocrx_word' id='word_1_224' title='bbox 1330 3631 1422 3692; x_wconf 89' lang='lat' dir='ltr'>repu-</span> 
     </span>
    </p>
   </div>
   <div class='ocr_carea' id='block_1_5' title="bbox 282 3728 1423 4049">
    <p class='ocr_par' dir='ltr' id='par_1_5' title="bbox 282 3728 1423 4049">
     <span class='ocr_line' id='line_1_28' title="bbox 318 3728 778 3797; baseline 0 -16"><span class='ocrx_word' id='word_1_225' title='bbox 318 3749 326 3762; x_wconf 41' lang='grc'>1</span> <span class='ocrx_word' id='word_1_226' title='bbox 367 3738 379 3781; x_wconf 96' lang='lat'>1</span> <span class='ocrx_word' id='word_1_227' title='bbox 400 3728 474 3784; x_wconf 89' lang='lat' dir='ltr'>Corr.</span> <span class='ocrx_word' id='word_1_228' title='bbox 495 3733 570 3797; x_wconf 84' lang='lat' dir='ltr'>quod.</span> <span class='ocrx_word' id='word_1_229' title='bbox 605 3733 778 3794; x_wconf 81' lang='lat' dir='ltr'>Heindorfins.</span> 
     </span>
     <span class='ocr_line' id='line_1_29' title="bbox 366 3812 695 3867; baseline -0.012 0"><span class='ocrx_word' id='word_1_230' title='bbox 366 3814 443 3867; x_wconf 83' lang='lat' dir='ltr'>alta</span> <span class='ocrx_word' id='word_1_231' title='bbox 461 3812 561 3866; x_wconf 73' lang='grc'>0011111.</span> <span class='ocrx_word' id='word_1_232' title='bbox 599 3817 695 3865; x_wconf 80' lang='lat' dir='ltr'>Maius.</span> 
     </span>
     <span class='ocr_line' id='line_1_30' title="bbox 367 3894 1423 3965; baseline 0.001 -13"><span class='ocrx_word' id='word_1_233' title='bbox 367 3898 444 3953; x_wconf 79' lang='lat' dir='ltr'>alta</span> <span class='ocrx_word' id='word_1_234' title='bbox 467 3896 578 3950; x_wconf 87' lang='lat' dir='ltr'>videtur</span> <span class='ocrx_word' id='word_1_235' title='bbox 601 3896 701 3951; x_wconf 86' lang='lat' dir='ltr'>Codex.</span> <span class='ocrx_word' id='word_1_236' title='bbox 739 3901 832 3950; x_wconf 78' lang='lat' dir='ltr'>Maius.</span> <span class='ocrx_word' id='word_1_237' title='bbox 870 3894 1008 3965; x_wconf 88' lang='lat' dir='ltr'>Hauptius</span> <span class='ocrx_word' id='word_1_238' title='bbox 1031 3899 1060 3950; x_wconf 90' lang='lat' dir='ltr'>et</span> <span class='ocrx_word' id='word_1_239' title='bbox 1082 3897 1255 3951; x_wconf 79' lang='lat' dir='ltr'>Eclxsteiniue</span> <span class='ocrx_word' id='word_1_240' title='bbox 1273 3899 1423 3953; x_wconf 87' lang='lat' dir='ltr'>emendant</span> 
     </span>
     <span class='ocr_line' id='line_1_31' title="bbox 282 3980 839 4049; baseline -0.009 -11"><span class='ocrx_word' id='word_1_241' title='bbox 282 3989 395 4049; x_wconf 77' lang='lat' dir='ltr'>abludat,</span> <span class='ocrx_word' id='word_1_242' title='bbox 414 3982 473 4035; x_wconf 88' lang='lat' dir='ltr'>coll.</span> <span class='ocrx_word' id='word_1_243' title='bbox 494 3981 591 4035; x_wconf 86' lang='lat' dir='ltr'>Horat.</span> <span class='ocrx_word' id='word_1_244' title='bbox 611 3980 668 4034; x_wconf 78' lang='lat' dir='ltr'>Sat.</span> <span class='ocrx_word' id='word_1_245' title='bbox 687 3981 721 4047; x_wconf 89' lang='lat' dir='ltr'>II,</span> <span class='ocrx_word' id='word_1_246' title='bbox 740 3988 763 4047; x_wconf 81' lang='lat'>3,</span> <span class='ocrx_word' id='word_1_247' title='bbox 782 3987 839 4035; x_wconf 79' lang='lat'>320.</span> 
     </span>
    </p>
   </div>
   <div class='ocr_carea' id='block_1_6' title="bbox 366 4063 1511 4135">
    <p class='ocr_par' dir='ltr' id='par_1_6' title="bbox 366 4063 1511 4135">
     <span class='ocr_line' id='line_1_32' title="bbox 366 4063 1511 4135; baseline 0 -14"><span class='ocrx_word' id='word_1_248' title='bbox 366 4075 383 4121; x_wconf 85' lang='lat'>4</span> <span class='ocrx_word' id='word_1_249' title='bbox 399 4067 441 4121; x_wconf 90' lang='lat' dir='ltr'>De</span> <span class='ocrx_word' id='word_1_250' title='bbox 460 4065 560 4119; x_wconf 91' lang='lat' dir='ltr'>Saenio</span> <span class='ocrx_word' id='word_1_251' title='bbox 578 4064 747 4135; x_wconf 78' lang='lat' dir='ltr'>Pompeiano</span> <span class='ocrx_word' id='word_1_252' title='bbox 765 4066 917 4132; x_wconf 87' lang='lat' dir='ltr'>loquuntur</span> <span class='ocrx_word' id='word_1_253' title='bbox 935 4065 1069 4134; x_wconf 87' lang='lat' dir='ltr'>epistulae</span> <span class='ocrx_word' id='word_1_254' title='bbox 1087 4066 1124 4120; x_wconf 91' lang='lat' dir='ltr'>ad</span> <span class='ocrx_word' id='word_1_255' title='bbox 1139 4067 1175 4120; x_wconf 88' lang='lat' dir='ltr'>M.</span> <span class='ocrx_word' id='word_1_256' title='bbox 1190 4066 1266 4121; x_wconf 86' lang='lat' dir='ltr'>Caes.</span> <span class='ocrx_word' id='word_1_257' title='bbox 1280 4067 1313 4120; x_wconf 92' lang='lat' dir='ltr'>V.</span> <span class='ocrx_word' id='word_1_258' title='bbox 1327 4074 1368 4121; x_wconf 80' lang='lat'>34.</span> <span class='ocrx_word' id='word_1_259' title='bbox 1382 4074 1423 4121; x_wconf 82' lang='lat'>35.</span> <span class='ocrx_word' id='word_1_260' title='bbox 1508 4063 1511 4068; x_wconf 71' lang='grc'><strong>’</strong></span> 
     </span>
    </p>
   </div>
   <div class='ocr_carea' id='block_1_7' title="bbox 353 4147 1486 4986">
    <p class='ocr_par' dir='ltr' id='par_1_7' title="bbox 367 4147 708 4218">
     <span class='ocr_line' id='line_1_33' title="bbox 367 4147 708 4218; baseline -0.012 -13"><span class='ocrx_word' id='word_1_261' title='bbox 367 4160 383 4206; x_wconf 75' lang='grc' dir='ltr'>ὁ</span> <span class='ocrx_word' id='word_1_262' title='bbox 400 4150 500 4218; x_wconf 89' lang='lat' dir='ltr'>Incipit</span> <span class='ocrx_word' id='word_1_263' title='bbox 519 4147 584 4202; x_wconf 90' lang='lat' dir='ltr'>Cod.</span> <span class='ocrx_word' id='word_1_264' title='bbox 603 4167 630 4217; x_wconf 94' lang='lat' dir='ltr'>p.</span> <span class='ocrx_word' id='word_1_265' title='bbox 651 4156 708 4202; x_wconf 78' lang='lat'>312.</span> 
     </span>
    </p>

    <p class='ocr_par' dir='ltr' id='par_1_8' title="bbox 367 4234 749 4301">
     <span class='ocr_line' id='line_1_34' title="bbox 367 4234 749 4301; baseline -0.005 -11"><span class='ocrx_word' id='word_1_266' title='bbox 367 4242 382 4289; x_wconf 87' lang='grc'><strong>6</strong></span> <span class='ocrx_word' id='word_1_267' title='bbox 402 4234 507 4290; x_wconf 83' lang='lat' dir='ltr'>Codex:</span> <span class='ocrx_word' id='word_1_268' title='bbox 527 4238 639 4288; x_wconf 79' lang='lat' dir='ltr'>nonnihil</span> <span class='ocrx_word' id='word_1_269' title='bbox 656 4240 749 4301; x_wconf 70' lang='lat' dir='ltr'>agenti.</span> 
     </span>
    </p>

    <p class='ocr_par' dir='ltr' id='par_1_9' title="bbox 369 4318 692 4387">
     <span class='ocr_line' id='line_1_35' title="bbox 369 4318 692 4387; baseline 0 -15"><span class='ocrx_word' id='word_1_270' title='bbox 369 4318 468 4373; x_wconf 80' lang='lat' dir='ltr'>rood.</span> <span class='ocrx_word' id='word_1_271' title='bbox 487 4336 528 4387; x_wconf 90' lang='lat' dir='ltr'>pr.</span> <span class='ocrx_word' id='word_1_272' title='bbox 548 4336 583 4370; x_wconf 93' lang='lat' dir='ltr'>m.</span> <span class='ocrx_word' id='word_1_273' title='bbox 604 4324 692 4387; x_wconf 81' lang='lat' dir='ltr'>quoni.</span> 
     </span>
    </p>

    <p class='ocr_par' dir='ltr' id='par_1_10' title="bbox 368 4402 769 4471">
     <span class='ocr_line' id='line_1_36' title="bbox 368 4402 769 4471; baseline -0.005 -14"><span class='ocrx_word' id='word_1_274' title='bbox 368 4410 383 4457; x_wconf 89' lang='lat'>8</span> <span class='ocrx_word' id='word_1_275' title='bbox 403 4402 468 4457; x_wconf 90' lang='lat' dir='ltr'>Cod.</span> <span class='ocrx_word' id='word_1_276' title='bbox 488 4421 529 4471; x_wconf 90' lang='lat' dir='ltr'>pr.</span> <span class='ocrx_word' id='word_1_277' title='bbox 549 4421 584 4455; x_wconf 92' lang='lat' dir='ltr'>m.</span> <span class='ocrx_word' id='word_1_278' title='bbox 600 4407 769 4471; x_wconf 78' lang='lat' dir='ltr'>portionibus.</span> 
     </span>
    </p>

    <p class='ocr_par' dir='ltr' id='par_1_11' title="bbox 368 4488 687 4544">
     <span class='ocr_line' id='line_1_37' title="bbox 368 4488 687 4544; baseline -0.003 -1"><span class='ocrx_word' id='word_1_279' title='bbox 368 4495 384 4543; x_wconf 81' lang='lat'>9</span> <span class='ocrx_word' id='word_1_280' title='bbox 403 4488 508 4544; x_wconf 80' lang='lat' dir='ltr'>Codex:</span> <span class='ocrx_word' id='word_1_281' title='bbox 527 4495 687 4542; x_wconf 77' lang='lat' dir='ltr'>colenturom.</span> 
     </span>
    </p>

    <p class='ocr_par' dir='ltr' id='par_1_12' title="bbox 353 4571 668 4628">
     <span class='ocr_line' id='line_1_38' title="bbox 353 4571 668 4628; baseline -0.003 -1"><span class='ocrx_word' id='word_1_282' title='bbox 353 4580 384 4628; x_wconf 89' lang='grc'>10</span> <span class='ocrx_word' id='word_1_283' title='bbox 402 4571 507 4628; x_wconf 86' lang='lat' dir='ltr'>Codex:</span> <span class='ocrx_word' id='word_1_284' title='bbox 527 4578 668 4627; x_wconf 77' lang='lat' dir='ltr'>Phalaridi.</span> 
     </span>
    </p>

    <p class='ocr_par' dir='ltr' id='par_1_13' title="bbox 353 4657 1371 4811">
     <span class='ocr_line' id='line_1_39' title="bbox 353 4657 1371 4723; baseline -0.002 -11"><span class='ocrx_word' id='word_1_285' title='bbox 353 4665 382 4712; x_wconf 88' lang='lat'>11</span> <span class='ocrx_word' id='word_1_286' title='bbox 403 4659 435 4712; x_wconf 84' lang='lat' dir='ltr'>cf.</span> <span class='ocrx_word' id='word_1_287' title='bbox 455 4657 509 4712; x_wconf 90' lang='lat' dir='ltr'>Cic.</span> <span class='ocrx_word' id='word_1_288' title='bbox 528 4658 557 4711; x_wconf 92' lang='lat' dir='ltr'>in</span> <span class='ocrx_word' id='word_1_289' title='bbox 575 4659 666 4712; x_wconf 88' lang='lat' dir='ltr'>Pison.</span> <span class='ocrx_word' id='word_1_290' title='bbox 687 4664 725 4723; x_wconf 83' lang='lat'>18,</span> <span class='ocrx_word' id='word_1_291' title='bbox 745 4658 820 4711; x_wconf 82' lang='lat' dir='ltr'>alibi.</span> <span class='ocrx_word' id='word_1_292' title='bbox 857 4657 976 4711; x_wconf 84' lang='lat' dir='ltr'>Lactant</span> <span class='ocrx_word' id='word_1_293' title='bbox 992 4657 1112 4711; x_wconf 86' lang='lat' dir='ltr'>Institut.</span> <span class='ocrx_word' id='word_1_294' title='bbox 1132 4658 1179 4713; x_wconf 91' lang='grc' dir='ltr'><strong>ΙΙΙ.</strong></span> <span class='ocrx_word' id='word_1_295' title='bbox 1200 4664 1240 4712; x_wconf 76' lang='lat'>27.</span> <span class='ocrx_word' id='word_1_296' title='bbox 1278 4662 1371 4713; x_wconf 81' lang='lat' dir='ltr'>Maius.</span> 
     </span>
     <span class='ocr_line' id='line_1_40' title="bbox 353 4742 918 4811; baseline 0.004 -15"><span class='ocrx_word' id='word_1_297' title='bbox 353 4750 383 4796; x_wconf 78' lang='lat'>12</span> <span class='ocrx_word' id='word_1_298' title='bbox 401 4742 569 4797; x_wconf 86' lang='lat' dir='ltr'>Niebuhrius</span> <span class='ocrx_word' id='word_1_299' title='bbox 586 4743 710 4797; x_wconf 89' lang='lat' dir='ltr'>malebat</span> <span class='ocrx_word' id='word_1_300' title='bbox 728 4746 918 4811; x_wconf 75' lang='lat' dir='ltr'>epichiremate.</span> 
     </span>
    </p>

    <p class='ocr_par' dir='ltr' id='par_1_14' title="bbox 353 4827 698 4895">
     <span class='ocr_line' id='line_1_41' title="bbox 353 4827 698 4895; baseline 0.009 -15"><span class='ocrx_word' id='word_1_301' title='bbox 353 4827 468 4883; x_wconf 75' lang='grc'>130011.</span> <span class='ocrx_word' id='word_1_302' title='bbox 488 4845 530 4895; x_wconf 92' lang='lat' dir='ltr'>pr.</span> <span class='ocrx_word' id='word_1_303' title='bbox 550 4832 698 4893; x_wconf 66' lang='grc'>1111111111.</span> 
     </span>
    </p>

    <p class='ocr_par' dir='ltr' id='par_1_15' title="bbox 355 4910 1486 4986">
     <span class='ocr_line' id='line_1_42' title="bbox 355 4910 1486 4986; baseline 0.003 -21"><span class='ocrx_word' id='word_1_304' title='bbox 355 4918 386 4966; x_wconf 84' lang='lat'>14</span> <span class='ocrx_word' id='word_1_305' title='bbox 404 4910 1422 4986; x_wconf 74' lang='lat' dir='ltr'>Sequiturcodp.311,quaeinteriitpraeterpaueaquaedaminmargine.</span> <span class='ocrx_word' id='word_1_306' title='bbox 1480 4918 1486 4933; x_wconf 86' lang='lat'><strong><em>¹</em></strong></span> 
     </span>
    </p>
   </div>
   <div class='ocr_carea' id='block_1_8' title="bbox 0 0 1660 6050">
    <p class='ocr_par' dir='ltr' id='par_1_16' title="bbox 0 0 1660 6050">
     <span class='ocr_line' id='line_1_43' title="bbox 0 0 1660 6050; baseline 0 0"><span class='ocrx_word' id='word_1_307' title='bbox 0 0 1660 6050; x_wconf 95' lang='lat' dir='ltr'> </span> 
     </span>
    </p>
   </div>
  </div>
 </body>
</html>
