3300 6050
250 859 314 922 280
590 854 733 910 INDICES
751 855 800 908 AD
818 854 1052 909 FRONTONEM.

284 1032 381 1095 quidem
399 1032 537 1094 adspirare
549 1030 617 1080 iubet
632 1032 809 1094 qrammaticus
869 1030 905 1079 ad
926 1024 1080 1080 Frontonem
1100 1031 1188 1092 ipsum.
1211 1031 1252 1093 Cf.
1273 1032 1395 1082 Corssen.

284 1114 809 1179 1111111111Ρ1111111.11.2786.610111·
870 1112 980 1178 Ausspr.
998 1109 1069 1178 Hp.
1089 1115 1129 1163 82.
1409 1184 1414 1202 Ι

283 1215 337 1248 sen.
362 1195 505 1262 Ausspr.I
532 1213 559 1263 p.
579 1199 611 1247 47
632 1213 688 1263 sqq.
720 1198 808 1249 111111-
834 1195 867 1246 In
883 1213 933 1261 pro
950 1194 989 1246 im
1007 1215 1029 1247 u.
1041 1213 1081 1262 qr.
1094 1193 1252 1262 inbecillus,
1269 1197 1396 1265 inbutus,

284 1285 360 1334 cisen.
380 1283 490 1347 i'tinsziq
507 1281 611 1333 Artibel
626 1297 654 1348 p.
673 1284 712 1333 18.
744 1283 808 1334 Gan·
868 1276 975 1344 inlitus,
993 1277 1142 1344 inmemor,
1165 1280 1331 1349 inmodicus,
1354 1282 1397 1335 in·

283 1373 326 1416 tra
342 1368 500 1417 subtrahitur
510 1368 537 1417 in
549 1363 713 1418 exeredatus
730 1381 757 1432 p.
769 1369 809 1431 14,
868 1362 1004 1431 pendere,
1015 1362 1138 1430 inpetus,
1150 1363 1301 1433 inpetrare,
1314 1366 1397 1435 inpu-

191 1469 193 1474 ’
284 1447 359 1501 erilis
376 1466 403 1517 p.
423 1454 473 1503 233
492 1450 565 1514 (erus
577 1455 631 1502 sine
646 1453 745 1516 adspir.
762 1454 810 1504 lsi·
870 1445 944 1511 dens,
956 1445 1087 1515 inridere,
1099 1448 1272 1517 inridentius,
1285 1450 1397 1518 imisue,

284 1535 367 1600 don),
387 1531 499 1586 Oratius
516 1552 543 1602 p.
563 1539 609 1598 23,
628 1548 708 1586 umor
725 1552 752 1603 p.
769 1541 809 1602 71,
868 1530 1006 1584 inritatus.

284 1633 396 1670 umerus
419 1635 446 1685 p.
471 1622 510 1671 71.
536 1623 574 1671 73.
599 1623 640 1671 92.
665 1624 722 1672 167.
751 1626 809 1687 229,
835 1615 926 1682 Kpra
945 1632 972 1681 c,
994 1615 1138 1672 kommata
1159 1636 1186 1687 p.
1208 1623 1264 1672 151.
1288 1619 1398 1674 Korne-

284 1701 389 1754 arcium
417 1721 466 1769 pra
496 1701 620 1774 archium
648 1719 676 1770 p.
705 1707 738 1759 16
764 1706 808 1772 (cf.

284 1785 521 1854 emend.),pyrrica
532 1803 558 1854 p.
572 1792 610 1852 12,
624 1786 810 1843 Demostenen

285 1888 312 1939 p.
337 1875 377 1924 28.
411 1874 580 1936 Transfertur
600 1871 701 1924 inchoo
724 1882 748 1926 et
771 1873 810 1926 in-

287 1955 356 2008 coho
385 1973 419 2027 p.
445 1961 506 2021 103,
536 1960 593 2009 108.
629 1955 759 2010 Pulcrum
786 1969 812 2012 et

287 2038 434 2108 pulchrum
442 2045 551 2093 1111111111.
569 2046 601 2094 V.
612 2045 725 2108 Lonpum
734 2048 808 2099 2230.

286 2128 326 2190 Cf.
347 2128 464 2181 Oarssen.
483 2128 649 2192 Ausspracbe
667 2125 693 2179 II
709 2145 737 2195 p.
751 2133 809 2182 232.

284 2212 443 2262 Fleckeisen.
467 2212 578 2277 Fausziq
595 2213 699 2264 Artibel
719 2229 749 2280 p.
767 2219 807 2266 31.

251 2297 421 2346 Hellcmsmus
437 2293 581 2362 Apollonis
598 2312 625 2363 p.
646 2301 686 2350 68.

249 2377 262 2429 Ι
282 2397 333 2444 pro
357 2393 385 2442 e,
409 2377 566 2445 argentiola
587 2396 614 2447 p.
639 2385 688 2434 157
709 2391 735 2434 et
751 2385 813 2436 alibi

285 2459 462 2515 conticiscere
474 2479 501 2529 p.
517 2467 573 2530 145,
586 2470 643 2530 234,
657 2465 811 2521 delitiscere

869 1698 958 1753 lianus
978 1718 1006 1769 p.
1025 1707 1139 1756 1731111
1157 1722 1238 1771 supra
1256 1702 1399 1758 Cornelia.-

870 1801 927 1837 nus
953 1788 994 1850 Os.
1013 1790 1126 1854 Lanqum
1144 1793 1211 1842 2218
1229 1801 1255 1842 et
1272 1793 1400 1843 Scaurum

870 1873 944 1922 2253.
979 1873 1075 1922 Iiarum
1101 1874 1173 1924 buius
1199 1878 1301 1926 litterae
1326 1893 1400 1927 usum

868 1957 962 2006 suadet
979 1955 1079 2017 Quintil.
1098 1956 1111 2008 I
1130 1961 1145 2009 7
1169 1961 1237 2020 §10-
1261 1957 1352 2011 Karus
1372 1971 1401 2012 et

870 2054 950 2091 carus
972 2044 1081 2092 1111111111.
1110 2039 1256 2108 Karthago
1283 2047 1309 2094 in
1332 2047 1398 2097 eoa.

870 2127 921 2175 Cic.
941 2127 973 2175 de
991 2142 1048 2190 rep.
1065 2129 1161 2187 ramat,
1184 2125 1203 2177 k
1221 2145 1308 2194 nempe
1327 2137 1353 2180 et
1374 2145 1398 2180 e.

870 2208 925 2259 Sed
941 2212 967 2260 in
984 2211 1115 2262 Frontone
1132 2226 1159 2278 p.
1180 2215 1241 2275 220,
1260 2216 1323 2277 221,
1346 2217 1401 2265 260

869 2295 990 2345 scribitur
1014 2311 1064 2361 per
1091 2309 1119 2359 c,
1147 2299 1216 2362 quad
1242 2305 1402 2362 postremum

869 2379 956 2428 metius
984 2381 1085 2429 uidetur
1118 2380 1210 2450 Bedae
1242 2383 1318 2433 2338.
1358 2385 1399 2447 Cf.

872 2462 989 2513 Gorsseu.
1010 2462 1120 2528 Ausspr.
1139 2462 1152 2514 Ι
1170 2479 1197 2530 p.
1217 2468 1241 2516 6.

284 2563 311 2613 p.
331 2550 376 2611 11,
394 2544 525 2601 luciseere
543 2566 570 2616 p.
592 2555 652 2615 103,
672 2551 728 2615 (aa
749 2555 810 2605 tata.
836 2543 893 2609 Kh,
911 2543 1035 2597 kharites
1053 2563 1079 2613 p.
1100 2550 1141 2598 28.

284 2630 432 2698 lucescere)
450 2631 641 2687 malivolentia
658 2651 685 2702 p.
701 2640 746 2701 59,
764 2636 811 2688 be·
836 2628 857 2680 L
875 2648 925 2694 pro
942 2628 975 2694 ll,
992 2628 1077 2682 belua
1095 2628 1194 2684 stilico
1207 2640 1232 2684 et
1246 2630 1400 2688 1111111111-

284 2713 437 2768 nivolentia
447 2733 474 2783 p.
490 2721 546 2770 172.
572 2722 611 2770 De
623 2721 662 2771 bis
676 2728 812 2785 postremis

286 2802 382 2852 duabus
399 2806 524 2853 consentit
542 2804 619 2853 Beda
636 2808 714 2868 2331,
732 2803 810 2857 linia-

286 2874 411 2936 mentum
423 2901 450 2950 p.
465 2889 510 2949 95,
529 2884 696 2952 palliolatim
712 2905 739 2956 p.
754 2893 812 2955 157,

286 2966 384 3020 adoria
406 2986 433 3037 p.
459 2972 519 3035 120,
544 2974 605 3036 217,
625 2969 699 3025 vinis
722 2989 749 3040 p.
769 2978 811 3041 53,

287 3058 343 3106 223.
375 3057 415 3106 De
437 3052 518 3107 vinea
540 3066 566 3108 et
588 3054 663 3109 vinia
686 3060 812 3112 Cornutus

287 3142 330 3206 qui
340 3142 511 3205 differentiam
522 3144 668 3206 scripturae
678 3146 810 3210 improbat.

289 3225 327 3287 Of.
352 3225 469 3278 Gorssen.
496 3226 662 3291 Ausspraclre
679 3226 692 3278 Ι
707 3244 735 3295 p.
754 3233 812 3294 276,

869 2723 977 2766 stanter*
1000 2715 1058 2779 (sed
1089 2713 1165 2768 mille
1200 2726 1227 2768 et
1258 2716 1401 2787 milliens).

871 2800 956 2849 Etiam
978 2797 1072 2851 belum
1094 2819 1143 2866 pro
1166 2799 1270 2853 bellum
1291 2819 1319 2870 p.
1340 2810 1402 2869 222,

870 2881 985 2950 paulum
1006 2887 1064 2935 item
1084 2903 1134 2949 pra
1156 2884 1281 2951 paullum
1302 2905 1330 2955 p.
1357 2893 1401 2955 81,

870 2964 1014 3035 paululum
1026 2984 1052 3036 p.
1068 2972 1114 3034 75,
1128 2972 1188 3035 104,
1201 2975 1405 3026 contraeamus

869 3062 1035 3119 pracceptum
1058 3058 1138 3119 2256,
1166 3058 1208 3121 qui
1230 3060 1311 3109 scribi
1332 3061 1402 3110 iubet

872 3156 925 3190 cum
937 3141 1033 3203 duplici
1042 3136 1060 3189 l.
1085 3141 1184 3192 Contra
1195 3138 1215 3191 11
1225 3158 1275 3206 pra
1291 3140 1314 3205 1,
1334 3158 1404 3208 que-

871 3221 941 3274 rella
957 3238 984 3289 p.
999 3226 1039 3273 31.
1060 3226 1121 3287 116,
1139 3222 1283 3291 repellitur
1305 3242 1333 3293 p.
1360 3231 1403 3277 16.

287 3311 345 3361 302.

253 3391 265 3443 Ι
281 3410 331 3459 pro
350 3389 382 3458 ii,
401 3392 438 3444 uli
449 3411 477 3461 p.
492 3399 553 3458 172,
572 3396 766 3450 commentaris
783 3416 810 3467 p.

289 3480 352 3540 114,
371 3476 468 3545 egregi
485 3497 512 3547 p.
534 3483 595 3545 165,
612 3480 694 3533 fascis
711 3499 738 3550 p.
754 3488 812 3549 ata,
872 3479 913 3543 Gt.
937 3476 1347 3545 oarssea.Ausspr.1p.81‚11p.
1358 3485 1403 3533 37.

872 3304 1002 3370 Querella
1018 3311 1145 3359 recentius
1161 3311 1241 3360 scribi
1253 3318 1331 3375 putat
1348 3314 1405 3363 Pa·

869 3396 987 3459 pirianus
998 3396 1078 3457 2230,
1095 3394 1222 3459 improbat
1232 3394 1310 3446 Beda
1321 3398 1402 3448 2343.
1426 3420 1431 3426 “

286 3561 376 3614 isdem
393 3580 420 3630 p.
433 3566 478 3628 86,
496 3561 593 3616 librari
610 3582 636 3633 p.
655 3571 714 3632 191,
732 3584 812 3636 prae·
837 3562 895 3614 Mm
912 3580 962 3628 pro
979 3578 1020 3625 m,
1039 3560 1191 3614 comminus
1207 3578 1234 3629 p.
1251 3566 1313 3627 226,
1332 3562 1404 3617 lam-

257 3657 259 3660 ’
287 3644 340 3699 mis
363 3664 390 3714 p.
416 3652 477 3713 193,
500 3649 623 3715 precaris
644 3668 671 3718 p.
691 3658 736 3718 53,
758 3653 813 3721 pri-
872 3645 949 3698 mina
965 3663 993 3713 p.
1014 3648 1069 3697 157.

287 3729 359 3785 mari
380 3748 408 3799 p.
434 3736 495 3798 165,
519 3732 592 3785 Tulli
618 3752 645 3803 p.
675 3741 736 3802 149,
763 3744 811 3792 221
839 3730 868 3783 M
883 3751 934 3798 pra
955 3747 986 3795 n,
1008 3729 1160 3797 temptare,
1183 3730 1405 3802 pedetemptim,

290 3817 347 3883 (sed
363 3815 447 3869 Tullii
463 3835 490 3885 p.
511 3818 566 3883 93),
589 3818 766 3875 tumultuaris
784 3841 811 3892 p,
872 3812 1063 3867 volumtariua.
1087 3818 1213 3868 Cornutus
1223 3820 1322 3882 quidem
1332 3822 1405 3872 2285

290 3906 350 3966 151,
370 3900 521 3954 voluntaris
539 3920 565 3970 p.
585 3908 644 3956 216.
668 3908 740 3959 Alibi
755 3912 813 3974 sere
874 3909 899 3953 et
917 3903 1054 3953 Caesellius
1071 3904 1139 3952 2314
1156 3909 1182 3952 et
1199 3902 1320 3952 Isidorus
1333 3907 1405 3969 utiq.

288 3986 315 4037 ii.
347 3989 444 4038 Rursus
466 3985 476 4036 i
496 4006 547 4054 pro
569 3987 588 4039 ii
614 4000 761 4042 constanter
786 3998 814 4045 in
873 3985 936 4037 127
948 3988 1033 4037 iubent
1045 3987 1124 4035 «10ΐίὒί
1141 3983 1247 4036 1311111118
1259 3994 1285 4037 et
1303 4002 1404 4052 quam-

290 4072 435 4135 compositis
448 4088 465 4121 a
476 4068 560 4135 iacio,
573 4070 692 4139 adicere,
703 4073 814 4142 inicere,
873 4069 930 4134 tus3
948 4086 967 4119 n
981 4087 1033 4135 pra
1051 4085 1091 4133 m,
1109 4067 1241 4121 redentus
1258 4085 1286 4136 p.
1306 4075 1365 4123 196.

291 4152 425 4205 subicere.
456 4156 495 4219 Cf.
520 4157 637 4208 Oorssen.
668 4160 776 4226 Ausspr.
802 4160 815 4212 I
840 4154 865 4206 N
883 4158 1022 4215 redundat,
1042 4151 1147 4205 massllfi
1163 4169 1191 4220 P·
1211 4158 1261 4206 235
1280 4154 1327 4219 (Et
1346 4162 1407 4223 qui·

290 4255 317 4305 p.
339 4242 398 4301 127,
418 4241 479 4301 309,
497 4236 523 4288 Π
540 4254 567 4305 p.
588 4243 645 4291 152.
875 4244 930 4292 dem
951 4237 1037 4291 malui
1058 4254 1085 4304 p.
1110 4239 1166 4303 37),
1187 4236 1355 4292 thensaurus
1373 4258 1404 4308 p.

257 4322 269 4373 I
287 4324 457 4385 subtrabitur,
470 4321 585 4389 plebeus
606 4341 633 4391 p.
655 4330 694 4378 18.
724 4327 815 4381 Auda-

292 4410 350 4459 cter
362 4415 388 4459 et
399 4404 542 4459 audaciter
554 4412 654 4462 uariant
667 4428 694 4479 p.
709 4416 754 4478 48,
774 4418 815 4478 97,

292 4511 395 4560 quorum
406 4500 557 4559 postremum
566 4499 720 4560 praeferunt
730 4500 815 4564 Caper

292 4581 369 4642 2246,
402 4579 478 4629 Beda
510 4582 583 4630 2328.
623 4582 661 4644 Cf.
695 4582 814 4634 Ocrssen.

292 4666 402 4729 Ausspr.
422 4660 448 4712 ΙΙ
459 4678 486 4728 p.
502 4666 557 4716 149.
572 4692 604 4701 -
622 4668 677 4717 Pro
693 4663 745 4717 iste
761 4663 816 4717 ista

875 4328 915 4375 37.
952 4327 1086 4375 Postrema
1113 4340 1165 4375 uon
1191 4333 1342 4375 constanter
1364 4331 1406 4378 ita

874 4411 995 4461 scribitur
1017 4412 1043 4459 in
1065 4411 1176 4474 antiquis
1197 4412 1272 4460 codd.
1296 4420 1407 4463 contra-

875 4496 975 4544 dicente
1013 4496 1180 4560 nequicquam
1208 4495 1295 4559 Gapro
1325 4500 1405 4549 2239.

875 4575 1163 4642 Desiderantissimm,
1191 4582 1247 4630 uide
1271 4596 1355 4645 surpra
1379 4586 1407 4633 in

876 4666 967 4715 Indice
985 4666 1144 4715 Latinitatis.

292 4746 366 4799 istud
389 4752 475 4812 prima
501 4766 587 4799 rnanus
611 4766 690 4814 saepe
712 4753 816 4815 scripsit
842 4746 868 4799 N
885 4752 911 4799 in
929 4756 1021 4815 quarto
1038 4766 1099 4799 casu
1118 4752 1218 4813 prirnae
1237 4750 1407 4816 Graecorum,

292 4830 333 4883 ste
346 4830 389 4883 sta
402 4831 472 4897 stud,
486 4836 554 4900 quad
566 4838 650 4884 altera
661 4850 815 4886 1111111111-
875 4830 1038 4884 Alcibiaden
1060 4849 1088 4899 p.
1113 4836 1159 4896 53,
1187 4836 1246 4891 143,
1270 4829 1409 4887 Heroden

292 4920 370 4969 rexit.
393 4919 522 4970 [tabuerat
534 4920 581 4969 boc
592 4920 695 4983 saepius
706 4921 818 4970 indicari
875 4934 903 4984 p.
923 4921 968 4981 43,
990 4915 1121 4985 Apellen,
1143 4914 1278 4981 Nealcen,
1302 4914 1409 4973 Nician
