3300 6050
289 866 352 932 238
635 864 671 916 Μ.
693 864 861 918 CORNELII
878 864 1084 919 FRONTONIS

180 1102 182 1107 ,
290 1035 412 1098 homini
436 1035 574 1117 credere,
597 1034 752 1098 miraculo
775 1035 973 1118 addubitare,
997 1056 1113 1098 navem
1128 1037 1160 1098 et
1175 1038 1277 1099 socios
1296 1037 1434 1118 navalis,

292 1136 366 1198 dum
394 1137 575 1219 reciperent
585 1136 605 1219 ¹,
641 1136 790 1219 opperiri.
836 1136 1011 1220 Postquam
1044 1137 1195 1221 cognovit
1227 1142 1355 1220 portum
1386 1139 1436 1202 in-

288 1240 408 1319 vectae,
433 1239 502 1301 sine
524 1239 665 1302 tumultu
688 1238 811 1321 accipi²
834 1238 937 1320 iubet3
960 1239 1049 1302 voltu
1072 1239 1163 1322 corni,
1188 1239 1293 1303 verbis
1307 1240 1436 1304 lenibus

288 1343 507 1423 percontatur,
531 1340 764 1424 numquidnam
792 1362 889 1423 super
910 1340 1032 1403 Arione
1055 1340 1169 1404 Lesbio
1193 1342 1434 1423 comperissent.

289 1440 341 1504 Illi
363 1441 459 1506 facile
481 1442 677 1524 respondent
699 1442 833 1505 Tarenti
858 1441 1007 1526 l³vidisse
1034 1442 1324 1507 fortunatissimum
1352 1466 1436 1507 mor-

288 1541 386 1606 talem
399 1552 419 1626 ,⁶
448 1543 586 1607 secundo
620 1565 744 1606 rumore
783 1549 891 1625 poprrlj
928 1542 1040 1606 florere
1072 1545 1238 1629 pretioque
1272 1566 1358 1627 esse,
1392 1554 1436 1609 ei-

289 1650 383 1708 {bara
413 1648 554 1709 cantare.
598 1643 703 1719 Quare
730 1644 850 1707 diutius
874 1665 979 1707 amore
1004 1647 1098 1727 atque
1121 1645 1211 1709 lucro
1234 1647 1267 1708 et
1288 1645 1437 1710 laudibus

290 1747 431 1810 retineri.
478 1745 557 1811 Cum
591 1746 670 1810 haec
702 1748 749 1810 ita
783 1747 942 1829 dicerent,
979 1747 1082 1811 Arion
1114 1747 1238 1830 inrupit
1270 1797 1411 1811 .....
1423 1749 1436 1786 ⁴

209 1881 211 1885 v
290 1855 334 1912 e'ta
356 1860 388 1913 at
409 1855 440 1912 r‘a
469 1856 568 1929 pappi
594 1851 742 1931 steterat,
775 1870 847 1911 cum
875 1852 964 1913 veste
993 1871 1069 1912 auro
1096 1849 1221 1912 intexta
1249 1852 1281 1912 et
1310 1850 1437 1912 cithara

290 1950 422 2034 insigni.
461 1950 642 2015 Praedones
664 1950 796 2032 inopino
818 1957 884 2014 aisa
906 1950 1037 2013 Arionis
1062 1949 1196 2032 territi⁵‚
1220 1951 1309 2013 turnG
1330 1972 1436 2034 neque

291 2053 460 2136 quicquam
492 2056 565 2136 post
597 2053 653 2115 illa
683 2055 890 2152 negareKaut
921 2073 993 2141 non·
1022 2052 1149 2115 credere
1182 2055 1238 2115 aut
1270 2052 1436 2134 deprecari

291 2154 359 2216 ausi
388 2156 472 2217 sunt.
518 2153 671 2236 Delphini
699 2153 826 2216 facinus
854 2160 896 2217 ad
924 2157 1097 2216 Taenarum
1126 2153 1249 2235 visitur,
1282 2153 1436 2236 delphino

292 2256 433 2318 residens
470 2255 579 2338 homo,
618 2277 717 2337 parva
747 2255 852 2338 figura
888 2252 994 2340 [atque
1024 2254 1071 2342 ut]
1107 2258 1297 2338 argumento
1329 2254 1436 2339 magis

291 2379 387 2440 quam
409 2356 579 2419 simulacro
603 2356 788 2438 composita.

625 2480 702 2554 Lepi
723 2481 894 2540 Emendavi
914 2483 966 2554 qai
986 2497 1092 2555 capra.

703 2610 748 2674 M.
771 2610 1021 2675 FRONTONIS

802 2728 925 2782 ARION.

379 2923 393 2970 1
412 2918 456 2970 Ita
472 2932 523 2986 pro
541 2936 569 2970 se
589 2921 744 2985 receperent.
779 2919 874 2970 Maiae.

378 3008 393 3055 2
411 3002 517 3057 Malim:
538 3007 625 3056 acciri.

379 3094 393 3141 3
411 3086 512 3156 Incipit
530 3086 596 3140 Cod.
614 3104 642 3155 p.
663 3091 719 3151 165,
737 3084 820 3139 hodie
839 3088 896 3139 fere
915 3084 1040 3139 evanida.
1060 3082 1260 3153 Supplementa
1277 3085 1341 3137 sunt
1357 3084 1435 3138 Maii.
1488 3092 1489 3095 ’

377 3179 394 3225 4
410 3172 518 3226 Desunt
536 3171 647 3225 litterae
666 3169 866 3238 duodeviginti.

378 3257 500 3310 aMaius
519 3255 631 3309 dubitat
648 3255 741 3307 utrum
762 3255 864 3323 legerit
881 3261 977 3308 terreri
997 3272 1032 3308 an
1051 3260 1142 3308 tarta.
1177 3254 1289 3307 Amicus
1306 3254 1437 3307 vocabuli

293 3341 405 3395 ultimas
423 3342 530 3395 litteras
548 3358 604 3394 non
621 3339 714 3408 potuit
733 3339 912 3407 distinguere,
930 3340 980 3391 sed
991 3338 1020 3391 in
1030 3336 1138 3391 Codicis
1147 3338 1266 3391 lectione
1284 3337 1439 3391 INOPINA

295 3469 432 3483 ......
453 3425 597 3479 ONSTER
616 3468 621 3477 .
643 3468 648 3478 .
670 3468 699 3478 ..
720 3423 766 3477 CU
780 3467 785 3477 .
799 3423 885 3490 NEQ,
905 3421 1093 3487 aureonno)
1115 3422 1204 3477 latere
1226 3422 1336 3477 videtur
1353 3426 1438 3489 inopi-

294 3513 357 3565 nato
376 3512 435 3565 visu
453 3510 622 3565 consternati.
647 3510 733 3563 Recte
745 3508 938 3562 Berolinenees
950 3509 1080 3563 viderunt
1091 3508 1197 3577 aliquid
1208 3508 1353 3562 turbatum
1366 3523 1437 3559 esse.

378 3595 493 3649 600d.:
511 3616 571 3649 cam.
626 3625 628 3628 ·
