3300 6050
312 871 353 933 46
468 872 471 876 ’
522 868 558 920 Μ.
573 865 742 920 CORNELII
759 863 967 918 FRONTONIS
984 862 1241 916 EPISTULARUM

313 1040 385 1101 sinu
407 1059 463 1100 suo
485 1037 605 1099 socium
628 1036 797 1119 dignitatis
820 1034 942 1118 gloriae
963 1035 1201 1116 bonorumquea
1217 1035 1360 1097 omnium
1382 1056 1453 1116 par-

313 1139 443 1222 ticipem
470 1140 604 1201 tutatur.
651 1136 721 1199 Hac
750 1136 892 1219 imagine
923 1135 1119 1197 multimodis
1153 1136 1201 1197 uti
1233 1139 1324 1217 potes
1357 1135 1413 1198 ubi
1430 1134 1451 1217 l¹

312 1241 397 1321 patri
425 1242 481 1303 tuo
504 1239 626 1324 gratias
653 1260 738 1322 ages,
772 1238 808 1300 in
841 1260 904 1321 qua
932 1237 1076 1299 oratione
1103 1236 1389 1318 locupletissimum
1423 1240 1455 1299 et

313 1342 565 1425 copiosissimum
587 1343 620 1402 te
643 1361 711 1402 esse
733 1342 869 1421 oportet.
915 1337 1005 1401 Nihil
1034 1340 1082 1400 est
1108 1339 1193 1401 enim
1223 1338 1306 1421 quod
1333 1342 1370 1401 tu
1399 1342 1455 1421 aut·

312 1443 477 1506 honestius
500 1445 556 1505 aut
577 1443 682 1505 verius
716 1443 772 1503 aut
804 1439 958 1503 libentius
985 1439 1020 1502 in
1048 1441 1136 1503 omni
1169 1441 1236 1502 vita
1268 1443 1325 1504 tua
1353 1441 1452 1521 diosc,

312 1567 408 1627 quam
430 1544 513 1627 quod
536 1544 575 1606 ad
597 1543 757 1605 ornandas
780 1540 882 1625 patris
904 1541 952 1605 tui
974 1541 1083 1604 laudes
1105 1541 1291 1624 pertinebit.
1337 1541 1454 1604 Postea

312 1667 372 1730 ego
405 1666 635 1728 quamcumque
673 1645 780 1709 εἰκόνα
807 1642 871 1706 huc
897 1642 1056 1723 addidero,
1092 1665 1158 1705 non
1187 1665 1285 1725 aeque
1312 1643 1454 1725 placebit

311 1747 382 1827 tibi,
405 1750 442 1809 ut
464 1746 543 1809 haec
572 1767 653 1828 quae
681 1745 721 1806 ad
749 1746 875 1826 patrem
902 1746 994 1806 tuum
1019 1745 1174 1827 pertinet:
1203 1747 1271 1806 tarn
1298 1743 1359 1806 hoc
1388 1745 1453 1806 scio

312 1868 407 1929 quarn
428 1851 466 1909 tu
487 1846 634 1909 novisti2.
681 1844 783 1919 Quam
810 1846 851 1908 ob
878 1867 946 1908 rem
973 1846 1042 1926 ipse
1071 1845 1167 1908 aliam
1196 1846 1303 1911 εἰκόνα
1330 1845 1453 1908 nnllam

313 1948 464 2030 adiciam,
483 1948 537 2010 sed
560 1948 718 2009 rationem
741 1969 803 2029 qua
828 1948 898 2009 tute
925 1968 1058 2029 quaeras
1081 1947 1257 2010 ostendam.
1282 1946 1327 2009 ut
1349 1969 1452 2010 amem

310 2049 378 2130 te33
407 2051 443 2111 tu
471 2070 549 2131 quas
577 2049 701 2113 εἰκόνα(
734 2047 768 2112 in
796 2047 930 2110 eandem
965 2069 1033 2110 rem
1064 2049 1301 2111 demonstrata⁴
1328 2048 1452 2111 ratione

209 2140 212 2144 ’
313 2149 506 2232 quaesiveris
534 2149 764 2230 etinveneris,
794 2149 915 2211 mittito
943 2149 1034 2231 mihi,
1070 2153 1116 2232 ut,
1151 2151 1176 2212 si
1208 2150 1331 2213 fuerint
1353 2153 1452 2213 scitae

313 2253 408 2333 atque
432 2253 618 2331 concinnae,
642 2250 809 2334 gaudeam.

396 2352 465 2415 lam
486 2352 625 2435 primum
647 2351 774 2434 quidem
796 2351 874 2414 illud
896 2352 974 2434 soiS,
1004 2353 1112 2418 εἰκόνα
1139 2353 1168 2416 ei
1190 2354 1236 2416 rei
1259 2353 1392 2435 adsumi,
1416 2357 1453 2416 ut

313 2457 368 2517 aut
389 2456 481 2516 ornet
504 2453 593 2536 quid,
618 2455 673 2515 aut
695 2452 853 2535 deturpet,
885 2456 940 2516 aut
963 2454 1161 2536 aequiperet,
1192 2457 1248 2517 aut
1276 2455 1450 2535 deminuat,

312 2558 368 2617 aut
391 2553 532 2637 ampliet,
562 2556 618 2616 aut
646 2575 684 2615 ex
710 2554 816 2616 minus
851 2554 994 2617 credibili
1028 2555 1178 2618 credibile
1213 2555 1342 2618 efficiat.
1387 2555 1452 2619 Ubi

311 2656 393 2719 nihil
419 2676 527 2740 eorum
555 2676 630 2716 usus
660 2655 735 2736 erit,
770 2654 857 2718 locus
891 2657 1015 2721 εἰκόνοε
1044 2678 1110 2719 non
1138 2656 1208 2719 erit.
1252 2657 1369 2721 Postea
1396 2656 1452 2719 ubi

311 2779 345 2819 re
372 2757 536 2839 proposita
562 2755 772 2839 eimaginem⁵
795 2757 936 2838 scribeS,
970 2759 1007 2819 ut
1039 2758 1066 2820 si
1098 2758 1259 2841 pingeres
1289 2758 1452 2842 insignial

312 2858 580 2920 animadverteres
609 2857 676 2920 eius
698 2859 760 2939 rei,
796 2859 884 2920 cuius
913 2858 1088 2942 imaginem
1116 2861 1283 2942 pingeres3
1316 2859 1394 2922 item
1416 2860 1451 2923 in

311 2958 479 3021 scribendo
507 2958 616 3020 facies
656 2958 803 3043 Insignia
831 2962 938 3022 autem
961 2959 1112 3043 cuiusque
1133 2961 1180 3023 rei
1212 2946 1322 3023 multis
1349 2962 1451 3026 modis
1503 2975 1507 2979 '

312 3060 420 3143 eliges,
444 3061 483 3124 τὰ
506 3061 657 3143 ὁμογενῆ,
685 3063 724 3126 τὰ
746 3062 889 3144 ὁμοειδῆ,
917 3063 956 3126 τὰ
979 3064 1050 3145 ὅλα,
1072 3064 1112 3126 τὰ
1134 3064 1222 3146 μέρη,
1246 3065 1285 3127 τὰ
1307 3064 1382 3145 ἴδια,
1411 3066 1450 3129 τὰ

311 3162 468 3244 διάφορα,
496 3163 535 3225 τὰ
558 3162 765 3245 ἀντικείμενα,
794 3165 834 3227 τὰ
855 3164 996 3243 ἑπόμενα
1023 3166 1074 3227 καὶ
1091 3163 1115 3246 l⁷
1130 3170 1450 3248 παρακολουθοῦντα,

310 3265 349 3326 τὰ
377 3264 536 3345 ὀνόματα,
569 3264 609 3327 τὰ
637 3264 865 3346 ευμβεβηκότα,
888 3266 927 3328 τὰ
956 3270 1095 3343 ετοιχεῑα
1117 3268 1149 3328 et
1181 3266 1248 3328 fere
1281 3266 1389 3329 omnia
1412 3288 1450 3329 ex

311 3364 425 3446 quibus
454 3367 644 3449 argumenta
672 3368 856 3428 sumuntur:
890 3365 929 3428 de
963 3365 1077 3448 quibus
1114 3366 1300 3450 plerumque
1334 3367 1451 3431 audisti

220 3463 225 3471 ’
311 3488 383 3527 eum
406 3467 580 3543 Θεοδώρου
603 3466 688 3530 locos
711 3467 981 3545 ἐπιχειρημάτων8
1003 3470 1223 3532 tractaremus
1267 3467 1388 3532 Eorum
1410 3470 1451 3531 si·

311 3566 386 3648 quid
407 3567 578 3629 memoriae
600 3570 675 3630 tuae
698 3567 842 3651 elapsum
864 3570 922 3649 est,
953 3590 1019 3631 non
1041 3568 1156 3631 inutile
1179 3569 1239 3631 erit
1261 3571 1370 3632 eadem
1391 3592 1450 3632 nos

395 3785 412 3821 a
430 3772 463 3821 Ia
480 3774 608 3837 harpiae:
626 3769 658 3821 In
676 3769 742 3822 alio:
762 3770 908 3823 honorum.

395 3980 408 4025 1
427 3973 528 4041 Incipit
546 3972 612 4026 Cod.
631 3970 694 4028 Vat.
714 3990 741 4043 p.
756 3980 811 4028 122.
1181 4031 1184 4035 .

395 4064 410 4109 2
427 4056 534 4111 Verba:
553 4070 603 4111 tam
620 4064 668 4112 hoe
684 4066 737 4113 scio
755 4080 828 4128 quam
846 4071 872 4112 tu
891 4065 993 4114 noveii:
1012 4058 1152 4115 adduntur
1170 4061 1292 4116 secunda
1308 4079 1400 4116 manu.

394 4149 409 4195 3
427 4141 494 4194 Tria
511 4142 596 4196 verba
614 4143 710 4197 addita
727 4160 780 4197 sec.
799 4162 836 4197 m.

313 4217 335 4275 ¹.
393 4225 532 4280 tCodex:
552 4233 705 4282 demonstra.

394 4311 470 4365 elta
488 4310 587 4365 Codex.

394 4401 410 4447 6
428 4395 532 4448 Codex:
550 4403 651 4465 insipat.

394 4485 408 4532 7
426 4479 527 4548 Incipit
545 4480 610 4535 Cod.
629 4482 693 4536 Vat.
712 4500 740 4552 p.
755 4489 811 4536 121.
1057 4550 1060 4558 ἱ

393 4563 508 4617 8Cod.:
534 4566 733 4633 ἐπιχειρήματα
757 4579 814 4623 tuni.
851 4567 976 4622 Correxit
992 4570 1088 4623 Maius.
1124 4570 1252 4638 intellige
1270 4570 1449 4629 Theodorum

308 4650 352 4702 vol
374 4649 535 4717 byzantium
556 4651 601 4703 vel
619 4651 779 4718 gadareum.
816 4652 858 4705 Do
875 4653 919 4705 his
936 4653 1094 4707 rhetoribus
1116 4654 1218 4723 legesis
1237 4653 1291 4707 Cic.
1310 4655 1387 4708 Brut.
1409 4661 1449 4720 12,

310 4733 385 4785 Orat.
402 4739 444 4798 12,
472 4731 638 4788 Strabonem
656 4735 714 4788 XII.
734 4754 761 4804 p.
777 4741 854 4803 1101,
878 4735 1039 4790 Suetonium
1057 4738 1118 4791 Tib.
1139 4745 1184 4804 57,
1211 4739 1370 4791 Iuvenalem
1387 4738 1448 4792 VII.

287 4844 295 4855 ·
311 4822 368 4882 177,
386 4815 514 4879 Quinctil.
522 4817 641 4872 lnstIII.
651 4826 673 4883 l,
692 4818 826 4873 Senecam
839 4818 917 4874 Suas.
929 4820 976 4885 III,
990 4820 1119 4892 Controv.
1126 4823 1158 4875 Il.
1166 4830 1190 4888 9,
1208 4823 1448 4888 Fortunatianum,

309 4900 678 4969 Augustinrun,lt11finumi11
688 4904 758 4957 rhet.
768 4906 823 4958 vet.
843 4908 938 4963 Maius.
956 4903 1036 4959 Adde
1046 4904 1175 4974 Spengel.
1182 4908 1360 4973 Ευναγπεχν.
1372 4911 1446 4975 p.98.
