3300 6050
687 872 969 927 PROLEGOMENA.
1005 925 1011 941 ,
1313 894 1404 961 xpm

241 1067 312 1108 sar
333 1045 394 1127 Ill,
420 1046 460 1108 14
482 1045 611 1127 scripsit
633 1045 671 1106 de
695 1044 830 1126 epistola
852 1045 989 1126 quadam
1012 1044 1184 1128 CiceroniS,
1208 1069 1274 1110 non
1296 1070 1403 1130 super-

260 1152 319 1211 est.
366 1147 454 1222 Quae
478 1148 622 1230 sequitur
648 1145 822 1209 Frontonis
850 1147 987 1228 epistola
1008 1147 1068 1230 ΙΙΙ,
1095 1147 1148 1230 15,
1180 1149 1286 1230 capite
1311 1135 1403 1230 trun-

261 1254 333 1313 cata
362 1253 421 1312 est.
466 1248 541 1312 Non
567 1249 723 1311 miramur
751 1247 886 1311 candido
914 1252 947 1311 et
972 1271 1083 1312 severo
1113 1249 1257 1313 Caesaris
1285 1251 1402 1313 iudicio

261 1351 325 1414 iam
347 1355 415 1415 tum
439 1351 640 1434 displicuisse
663 1348 836 1413 artificium
857 1348 1062 1433 rhetoricum,
1088 1351 1177 1414 cuius
1199 1353 1402 1434 disciplinam

262 1452 381 1517 Fronto
408 1453 624 1536 profiteretur.
668 1450 827 1536 Magister
854 1451 979 1534 copiose
1008 1453 1150 1516 ostendit
1177 1454 1326 1537 discipuli
1347 1455 1402 1517 du-

261 1555 433 1630 bitationes
460 1555 575 1618 inanes
609 1576 692 1636 esse3
725 1554 863 1617 fortasse
895 1556 1005 1617 tamen
1038 1578 1104 1618 non
1137 1556 1305 1638 persuasit,
1350 1557 1402 1619 Ad

260 1659 343 1722 idem
371 1663 498 1741 tempus
526 1657 630 1719 refero
656 1655 829 1720 Frontonis
858 1656 1027 1739 epistolam
1048 1657 1108 1740 Ill,
1134 1659 1183 1721 16.
1228 1658 1298 1721 lam
1321 1657 1403 1742 legit

259 1761 386 1824 Marcus
409 1760 598 1848 comoedias,
629 1758 797 1840 atellanas,
830 1762 971 1822 oratores
1000 1762 1133 1842 veteres,
1164 1759 1242 1823 alios
1268 1781 1402 1843 quorum

259 1863 398 1926 studium
425 1861 581 1945 magister
604 1861 858 1943 commendarat3
887 1864 991 1944 nuper
1014 1863 1120 1944 coepit
1141 1863 1249 1944 legere
1271 1864 1402 1924 ornatas

259 1969 291 2029 et
311 1963 510 2048 pompaticas
533 1963 704 2045 orationes,
735 1963 827 2026 credo
849 1961 1021 2025 Frontonis
1047 1963 1166 2046 ipsius,
1196 1964 1251 2047 qui
1279 1963 1314 2026 111
1341 1962 1402 2028 hoc

152 2064 158 2082 ⁸
259 2066 384 2131 dicendi
406 2087 525 2148 genere
555 2064 747 2147 excellebat3
781 2064 865 2147 quod
894 2067 1001 2128 autem
1032 2066 1093 2129 sibi
1120 2066 1219 2149 elegit
1251 2067 1401 2131 ὑπόθεειν

258 2169 481 2250 ἐπιδεικτικὴν,
516 2188 684 2250 perperam
711 2166 806 2255 sepit,
846 2189 923 2229 111111
957 2189 1025 2230 non
1057 2168 1176 2250 poterit
1208 2189 1261 2231 eas
1292 2167 1402 2230 statim
1449 2245 1452 2251 Ι

257 2270 387 2352 imitari,
418 2291 496 2353 quas
524 2269 617 2332 modo
645 2268 811 2352 cognovit:
844 2267 927 2331 nihil
953 2272 1002 2332 est
1029 2269 1182 2333 eiusmodi
1210 2272 1401 2353 argumento

257 2372 434 2455 difficilius;
458 2393 649 2454 quamquam
670 2392 800 2453 prorsus
826 2371 961 2455 egregia
980 2375 1029 2434 est
1050 2372 1086 2434 in
1107 2371 1243 2435 Caesare
1264 2370 1399 2453 indoles,

257 2478 292 2538 in
317 2474 430 2538 studiis
458 2476 567 2537 tamen
594 2472 762 2536 rhetoricis
790 2472 844 2536 via
872 2476 967 2557 atque
994 2474 1105 2546 ordine
1132 2473 1401 2558 progrediendum

201 2589 207 2596 '
258 2581 321 2659 est,
350 2580 388 2639 ut
413 2577 545 2639 tandem
574 2575 613 2638 ad
649 2596 803 2639 cacumen
835 2576 1014 2658 pervenias
1060 2575 1206 2658 Scilicet,
1241 2575 1269 2638 si
1296 2575 1402 2638 locum

257 2682 343 2742 recte
370 2679 575 2760 interpretor,
605 2678 679 2761 quia
708 2676 826 2742 Caesar
854 2679 994 2741 studiose
1021 2677 1166 2740 imitatus
1195 2680 1264 2741 1111
1293 2678 1401 2741 omnia

257 2802 336 2864 quae
366 2782 458 2843 erant
486 2780 520 2842 in
548 2780 710 2842 Frontone
738 2781 892 2863 pessima,
926 2779 1010 2863 quod
1037 2779 1177 2843 solemne
1203 2780 1401 2843 imitatorum

256 2883 372 2971 vitium·
393 2884 457 2964 est,
487 2883 643 2966 magister
665 2880 845 2964 exhorruit,
874 2882 964 2965 quasi
992 2904 1083 2944 suam
1110 2882 1237 2945 simiam
1257 2882 1398 2946 vidisset.

341 2983 380 3047 In
409 2983 554 3076 epistola
571 2983 612 3067 V,
640 2982 683 3047 44
714 2982 836 3048 Fronto
864 2983 1033 3049 Caesarem
1062 2986 1229 3048 certiorem
1260 2984 1341 3048 facit
1367 3005 1400 3047 se

257 3089 438 3171 aegrotare3
464 3088 500 3149 in
524 3109 561 3149 ea
589 3108 623 3149 re
651 3087 753 3150 utitur
779 3087 877 3150 verbo
904 3087 1041 3171 quodam
1063 3086 1193 3170 Lucilii;
1220 3087 1317 3149 nimis
1352 3089 1402 3149 est

191 3234 193 3236 >
255 3188 425 3252 ridiculum
452 3188 621 3253 Caesarem
649 3188 755 3252 videre
783 3187 823 3271 V,
847 3187 906 3271 45,
937 3189 992 3271 qui
1013 3188 1075 3252 hoc
1100 3210 1166 3252 non
1192 3188 1398 3252 intellexerit.

255 3289 405 3374 Legimus
446 3293 613 3373 praeterea
647 3289 904 3373 adpropinquare
938 3293 1067 3373 partum
1105 3288 1279 3353 Faustinae
1320 3293 1400 3353 tuno

255 3393 359 3476 prima
386 3392 455 3455 vice
483 3392 645 3475 gravidae.
691 3391 772 3455 Erat
799 3391 1033 3455 vindemiarum
1058 3395 1185 3474 tempus
1219 3393 1252 3455 et
1278 3392 1399 3456 Fronto

254 3494 290 3557 in
311 3494 552 3577 imperatoriam
574 3492 683 3557 villam
705 3494 907 3577 profecturus
929 3497 1008 3576 erat,
1033 3515 1104 3556 cum
1125 3494 1243 3555 iterum
1265 3492 1400 3559 sentiret
1446 3551 1449 3560 .

255 3618 357 3679 genus
380 3596 519 3659 dolorem
541 3595 582 3678 V,
605 3596 657 3659 46.
686 3595 873 3679 Respondet
888 3594 1005 3660 Caesar
1026 3595 1061 3657 in
1084 3594 1176 3677 epist.
1200 3593 1241 3678 V,
1264 3595 1316 3677 47,
1339 3617 1400 3658 nec

254 3698 322 3782 ipse
346 3698 424 3761 satis
445 3697 580 3762 validus.
625 3698 734 3761 Tertia
763 3702 796 3761 et
818 3701 934 3781 quarta
960 3698 1029 3761 vice
1048 3695 1171 3760 Fronto
1197 3700 1346 3781 aegrotat
1367 3700 1400 3760 et

256 3799 373 3864 Caesar
394 3799 543 3863 rescribit
564 3799 605 3882 V,
629 3800 681 3863 48.
705 3801 757 3863 49.
781 3800 833 3862 50.
857 3799 909 3863 51.
937 3798 1068 3881 Peperit
1089 3797 1245 3862 Faustina
1267 3802 1300 3861 et
1319 3798 1400 3862 vidit

254 3899 376 3964 Fronto
397 3900 569 3984 infantem,
594 3900 634 3983 V,
658 3901 709 3983 52,
734 3902 818 3984 quod
841 3900 970 3965 Caesari
992 3904 1121 3984 gratum
1144 3903 1193 3964 est
1214 3899 1255 3982 V,
1278 3900 1330 3964 53.

338 4000 410 4065 Nisi
432 4004 543 4067 tenuia
565 4003 685 4066 indicia
706 4024 757 4065 me
781 4002 911 4084 fallunt,
942 4002 1052 4066 eodem
1074 4002 1142 4065 fere
1161 4005 1314 4085 tempore,
1343 4003 1399 4065 sed

179 4177 184 4185 Ι
254 4103 350 4187 paulo
371 4107 454 4187 post,
486 4105 606 4188 scripta
627 4105 691 4168 fuit
713 4104 858 4169 Caesaris
881 4104 1016 4187 epistola
1037 4103 1094 4186 lV,
1119 4105 1148 4167 8.
1186 4103 1337 4167 Nondum
1359 4104 1399 4166 ad

179 4268 182 4272 .
253 4205 363 4269 villam
377 4205 498 4269 Fronto
512 4207 672 4289 proficisci
686 4206 792 4289 potuit
807 4210 841 4269 et
856 4205 974 4270 Caesar
988 4228 1111 4290 quoque
1127 4206 1269 4289 graviter
1288 4226 1398 4289 aegro-

253 4306 355 4389 tavit,
394 4306 483 4370 cuius
522 4308 738 4371 valetudinem
765 4308 858 4371 modo
894 4308 929 4370 in
958 4306 1094 4390 epistola
1120 4306 1166 4390 V,
1192 4309 1233 4370 47
1271 4307 1398 4370 videba-

253 4431 323 4471 mus
345 4412 423 4472 tuno
445 4431 511 4472 non
533 4410 611 4473 satis
633 4411 758 4473 firmam
785 4409 895 4473 fuisse.
941 4408 1028 4484 Quae
1056 4409 1199 4493 sequitur
1225 4408 1397 4471 Frontonis

253 4510 388 4594 epistola
415 4510 471 4593 lV,
496 4511 526 4592 9,
556 4510 591 4573 in
620 4533 657 4573 ea
683 4534 750 4574 non
777 4512 950 4594 respondet
978 4512 1019 4574 ad
1046 4512 1223 4593 superiores
1253 4508 1398 4573 Caesaris

158 4652 160 4655 >
252 4612 388 4695 11111111,
417 4612 472 4675 sed
501 4612 541 4674 ad
569 4610 648 4674 alias
678 4608 759 4694 quae
787 4612 963 4694 perierunt.
1008 4610 1112 4674 Homo
1139 4611 1235 4674 miser
1265 4615 1398 4675 vexatur

253 4713 378 4777 humeri
393 4713 508 4777 dolore.
538 4712 702 4796 Epistolae
714 4713 771 4795 IV,
788 4714 829 4776 10
849 4734 916 4775 non
938 4712 1001 4775 nisi
1022 4733 1157 4795 parvum
1178 4712 1397 4795 fragmentum

196 4844 200 4856 ι
253 4818 415 4878 servatum.
443 4818 509 4894 est,
548 4814 631 4899 quod
665 4817 775 4877 tamen
808 4813 960 4877 collatum
995 4836 1066 4878 cum
1095 4813 1136 4896 V,
1165 4814 1207 4879 53
1239 4815 1397 4879 indicabit

175 4997 179 5003 Δ
252 4914 426 4979 Frontonis
448 4916 558 5000 filiam,
583 4916 729 4981 Gratiam
751 4916 919 5000 minorem,
948 4918 1059 4981 eadem
1080 4916 1147 4981 fere
1170 4921 1275 4981 aetate
1297 4917 1417 4993 fuisse,
