3300 6050
628 843 677 896 ΑΙ)
695 842 916 897 ANTONINUM
933 841 1030 896 ΡΙΠΜ.
1339 841 1399 907 165

257 1017 450 1101 postulem¹3
478 1016 644 1079 immemor
667 1014 837 1097 amicitiae,
861 1014 924 1077 nisi
947 1012 1080 1076 saltem²
1102 1013 1301 1096 deprecando
1324 1013 1398 1076 sub-

257 1119 368 1183 levem.

342 1220 417 1285 Fuit
439 1220 509 1285 sine
531 1220 626 1283 dubio
648 1218 751 1302 Niger
771 1217 942 1287 Censorius
964 1218 1133 1280 verborum
1155 1238 1284 1279 suorum
1305 1218 1399 1300 inpos

258 1327 290 1387 11
311 1324 418 1386 minus
447 1322 681 1404 consideratus,
710 1321 766 1390 sed
792 1319 877 1383 idem
898 1318 1219 1382 111111111111111113
1241 1319 1329 1402 frugi
1351 1319 1400 1380 vir

258 1429 291 1489 et
316 1426 409 1488 fortis
439 1427 471 1488 ct
497 1424 684 1487 innocense.
726 1423 814 1485 Tuae
843 1420 1031 1485 clementiae
1054 1423 1118 1502 est,
1148 1421 1241 1511 Imp,
1270 1420 1410 1484 unicani

257 1527 397 1591 hominis
420 1525 591 1589 verborum
615 1524 741 1608 culpam
765 1524 837 1587 cuni
866 1523 979 1587 ceteris
1008 1523 1074 1586 eius
1096 1526 1182 1586 recte
1203 1523 1299 1587 factis
1321 1544 1399 1605 pon-

258 1630 378 1692 derare.

342 1729 413 1815 ligo
448 1729 575 1812 quidem
604 1750 676 1791 cum
708 1728 747 1790 ad
777 1726 953 1790 amicitiam
982 1726 1050 1789 eius
1079 1727 1214 1808 accessi,
1249 1748 1268 1788 a
1293 1775 1299 1789 .
1326 1776 1332 1788 .
1358 1774 1365 1787 .
1391 1776 1398 1788 .

257 1854 343 1896 crem
359 1854 375 1896 c
393 1881 426 1894 ..
453 1882 459 1894 .
485 1881 492 1894 .
516 1831 567 1892 114
591 1833 722 1893 strenua
745 1851 842 1912 opera
858 1829 943 1892 domi
961 1826 1100 1911 bellique
1122 1828 1397 1910 promerrrerant⁵.
1437 1831 1440 1836 ’

256 1933 302 1998 Ut
325 1937 446 1998 ceteros
469 1933 536 1995 eius
559 1932 677 1995 amicos
699 1930 863 2014 omittam,
892 1929 1036 1994 Turboni
1058 1929 1201 1993 Marciol
1228 1934 1260 1993 et
1282 1929 1399 1993 Erucio

258 2035 369 2100 Olaro⁷
400 2038 469 2099 erat
490 2033 774 2097 familiarissimus:
804 2033 858 2117 qui
882 2032 963 2096 duo8
987 2032 1097 2117 egregi
1121 2031 1181 2095 viri
1203 2031 1285 2095 alter
1307 2053 1399 2115 eque-

257 2138 343 2219 stris,
368 2136 449 2199 alter
464 2134 635 2199 senatorii9
658 2134 778 2198 ordinis
801 2133 934 2217 primari
955 2135 1096 2197 fuerunt.
1127 2133 1244 2196 Postea
1264 2155 1338 2226 vero
1361 2156 1400 2196 ex

255 2239 320 2303 tuis
353 2238 450 2301 etiam
482 2236 608 2300 iudiciis
641 2236 669 2300 ei
702 2236 876 2320 plurimum
908 2238 941 2298 et
973 2235 1104 2299 honoris
1139 2238 1171 2299 et
1199 2235 1399 2299 auctoritatis

257 2342 443 2404 accesserat.
489 2337 577 2401 Talis
600 2359 660 2421 ego
682 2338 740 2401 viri
770 2337 946 2401 amicitiam
969 2337 1119 2420 adpetivi.

204 2445 206 2450 ’
301 2491 308 2508 .
340 2440 592 2504 Η111111111110
621 2463 663 2503 an
690 2440 745 2523 qui
767 2439 860 2502 dicat
889 2439 1034 2503 debuisse
1056 2461 1106 2502 me
1130 2439 1304 2502 amicitiam
1327 2447 1399 2503 cu'm

256 2566 292 2608 eo
315 2543 459 2607 desinere
469 2542 503 2625 ¹¹,
527 2545 696 2626 postquam
725 2563 940 2625 cognoveram
961 2541 1101 2624 gratiam
1128 2541 1195 2605 eius
1224 2541 1308 2624 apud
1331 2541 1398 2604 ani-

255 2668 342 2708 mum
364 2647 455 2707 tuum
477 2644 690 2708 imminutam.

339 2747 522 2829 Numquam
549 2747 595 2809 ita
618 2746 778 2809 animatus
800 2745 864 2827 fui,
894 2745 994 2828 Imp,
1023 2747 1060 2807 ut
1088 2748 1217 2828 coeptas
1245 2745 1280 2808 in
1303 2745 1398 2808 rebus

254 2848 415 2934 prosperis
438 2848 612 2932 amicitias,
637 2848 664 2911 si
686 2847 762 2931 quid
785 2847 909 2910 adversi
931 2847 1161 2931 increpuisset,
1186 2847 1396 2911 desereremb.

255 2951 300 3015 Et
315 2950 461 3033 omnin03
486 2971 541 3013 cur
556 2949 641 3014 enim
660 2971 726 3012 non
742 2948 937 3012 sententiam
953 2949 1097 3031 l¹²animi
1112 2948 1174 3044 mei
1190 2949 1397 3033 expromam?

339 3188 356 3224 a
374 3174 408 3223 In
425 3175 551 3237 nrarpr'ne:
569 3167 726 3222 Verborum
737 3167 818 3237 inpos
837 3169 866 3221 et
877 3168 967 3221 minus
985 3168 1186 3235 consideratus,
1204 3169 1290 3237 frugi,
1308 3169 1396 3235 fortis,

254 3257 393 3309 innocens.
792 3321 795 3327 .

338 3341 357 3393 b
376 3345 409 3393 In
427 3344 551 3408 marpine:
570 3337 726 3405 Numquam
745 3369 778 3377 -
796 3339 960 3392 desererem.

340 3555 352 3597 1
373 3543 439 3597 Cod.
458 3560 500 3612 pr.
519 3559 556 3595 m.
575 3548 706 3610 postulem.

338 3628 437 3682 ccccl.
457 3645 498 3697 pr.
518 3646 554 3681 11.
573 3634 685 3681 sulutem.

338 3722 354 3769 3
371 3713 415 3767 Ad
432 3714 468 3767 M.
489 3712 565 3767 Caes.
584 3713 605 3765 I.
625 3720 653 3767 8:
672 3718 775 3767 omnium
794 3732 878 3765 rerum
893 3732 978 3765 sarius.
1011 3710 1088 3775 Quae
1105 3711 1222 3780 perinde
1240 3713 1315 3766 dicta
1332 3715 1396 3766 sunt

255 3801 338 3867 atque
357 3816 401 3867 ap.
422 3797 476 3853 Cic.
496 3813 547 3867 pro
566 3796 658 3861 Quint.
678 3805 705 3851 3:
733 3809 876 3851 ceterarum
890 3816 975 3848 remon
991 3802 1180 3870 paterfamilias
1197 3809 1223 3849 ct
1240 3804 1352 3864 prudens
1370 3810 1396 3851 et

254 3891 379 3938 attentus:
408 3882 478 3937 Vide
496 3882 607 3937 Hotom.
628 3881 743 3935 Observ.
762 3881 808 3936 IV.
830 3889 868 3935 11.
895 3882 993 3936 Graev.
1013 3881 1050 3935 ad
1068 3880 1121 3935 Cic.
1142 3882 1176 3935 de
1195 3881 1256 3936 Sen.
1271 3890 1294 3935 2.
1318 3888 1393 3936 Butt-

252 3988 365 4023 racanas.

269 4110 270 4113 Ἴ
336 4059 353 4106 4
371 4054 507 4106 Accurate
527 4051 590 4106 dedi
609 4050 717 4105 Codicis
735 4050 897 4117 lectionem
916 4051 997 4106 aliter
1008 4052 1106 4106 Maius.
1137 4052 1312 4107 Heindorfius
1324 4054 1394 4108 scire

252 4153 308 4191 non
325 4138 438 4206 poterat
456 4138 519 4191 octo
536 4138 646 4190 tantum
663 4135 770 4191 litteras
787 4136 910 4205 periisse.

338 4230 353 4277 5
372 4222 437 4276 Cod.
457 4240 499 4290 pr.
517 4239 553 4274 m.
571 4232 772 4290 promeruerunt.

337 4314 353 4360 6
372 4306 412 4361 Cf.
430 4306 510 4360 Dion.
531 4305 603 4359 Cass.
623 4312 663 4358 69.
685 4310 723 4359 18.
762 4305 900 4374 spartian.
920 4307 1005 4360 Hadr.
1024 4312 1047 4360 5.
1085 4312 1178 4360 Maius.

338 4399 352 4446 7
373 4391 411 4446 Cf.
431 4390 511 4445 Dion.
531 4390 605 4445 Cass.
625 4396 665 4445 68,
686 4397 726 4445 30.
756 4390 825 4445 Plin.
846 4391 896 4459 Ep.
916 4391 949 4444 ΙΙ.
969 4398 993 4445 9.
1024 4391 1093 4445 Gell.
1112 4391 1192 4446 Noct.
1211 4391 1270 4447 Att.
1289 4393 1348 4446 Vll.
1368 4400 1391 4447 θ.

254 4476 478 4530 1⁶2XIII.18.·2.
514 4478 608 4544 Maiqs.
1021 4478 1023 4483 '

336 4567 352 4614 8
371 4560 437 4615 Cod.
456 4577 498 4628 pr.
517 4575 553 4612 11.
576 4565 646 4613 duos.

336 4652 351 4700 9
370 4643 436 4699 cod.
456 4644 565 4698 videtur
582 4643 687 4697 habere
705 4649 827 4707 senatori,
846 4644 895 4697 sed
912 4644 1054 4712 postrema
1071 4644 1165 4698 littera
1182 4645 1289 4699 incerta
1307 4647 1355 4700 est.

321 4737 352 4782 10
370 4728 426 4783 Scr.
445 4735 509 4783 seio.
543 4733 715 4795 Heindorfiur.

320 4821 350 4867 11
371 4813 437 4867 God.
457 4819 576 4867 desinire.
630 4810 636 4817 ’

277 4884 284 4896 ’
322 4906 352 4952 12
371 4897 472 4968 Incipit
490 4896 555 4954 coo.
574 4917 601 4969 p.
622 4904 679 4965 355,
698 4897 774 4953 cuius
791 4899 929 4969 scriptura
946 4898 1064 4955 difficilis
1080 4899 1153 4955 lectu
1171 4900 1221 4955 est.
