3300 6050
447 885 496 939 AD
513 885 549 938 M.
568 883 788 938 ANTONINUM
804 881 853 935 DE
869 879 1112 946 ELOQUENTIA.
1295 879 1352 942 141
1408 878 1411 882 ’

211 1042 341 1121 tertiam
364 1059 470 1119 autem
491 1054 576 1131 harro
598 1054 746 1138 speeiem,
771 1054 817 1116 rei
840 1053 921 1134 dieo,
946 1074 983 1115 ao
1006 1050 1145 1135 negotiis
1168 1049 1268 1113 solam
1289 1051 1352 1111 ter-

211 1160 378 1241 minatam,
403 1180 435 1221 se
459 1157 547 1235 quasi
571 1157 765 1220 contentam.
811 1153 883 1218 Hae
911 1154 1088 1217 officiorum
1114 1151 1300 1235 partitione,
1328 1151 1355 1212 si

211 1263 321 1324 tamen
344 1262 400 1322 aut
420 1258 494 1321 illel
522 1279 633 1322 verum
661 1257 768 1320 aiebat
796 1259 853 1319 aut
880 1276 940 1338 ego
967 1254 1044 1318 olim
1073 1253 1181 1316 audita
1203 1252 1356 1315 memoria

212 1362 350 1444 retineo,
375 1363 412 1423 ut
433 1360 537 1443 prima
558 1358 682 1422 homini
705 1358 745 1420 ad
767 1357 961 1440 sapientiam
982 1355 1129 1420 tendenti
1148 1354 1219 1417 'sint
1242 1352 1356 1441 [moli]-

212 1465 323 1526 menta
344 1484 425 1545 quae
448 1462 488 1524 ad
510 1461 610 1524 vitam
632 1460 830 1542 salutemque
858 1457 1044 1541 pertinenta
1069 1454 1354 1542 {conservandam}

212 1564 318 1648 Igitur
346 1566 379 1626 et
410 1557 567 1646 prandere
595 1565 627 1625 et
655 1561 755 1640 lauari
791 1563 823 1624 et
850 1559 972 1642 ungui²
1003 1560 1035 1621 et
1065 1559 1170 1620 uetera
1204 1556 1357 1620 eiusmodi

213 1686 346 1749 munera
376 1667 452 1728 sunt
479 1664 634 1746 sapientis
656 1662 773 1727 officia.
819 1660 1019 1744 Quamquam
1047 1680 1151 1742 neque
1173 1659 1208 1721 in
1230 1657 1354 1721 balneis

214 1765 562 1850 quisquamsapientia
586 1816 592 1829 .
618 1815 625 1828 .
649 1786 751 1848 neque
774 1766 811 1827 ut
834 1764 919 1827 eirea
939 1813 946 1825 .
966 1812 972 1826 .
990 1763 1029 1826 ad
1052 1782 1197 1824 mensam
1220 1760 1353 1841 cenarit,

200 1867 350 1950 prandio
381 1867 529 1947 vomeris,
565 1867 758 1948 sapientiam
792 1865 971 1927 ructaritl.
998 1913 1004 1926 .
1040 1862 1065 1925 si
1095 1862 1197 1925 ederis
1231 1911 1238 1924 .
1265 1911 1271 1923 .
1294 1861 1357 1923 nisi

135 2042 142 2064 Ι
215 1969 341 2033 vixeris,
386 1967 469 2043 Quid
490 1967 591 2051 igitur
613 1967 686 2030 istie
709 1966 928 2029 admonendus
951 1964 1008 2028 es?
1030 1986 1071 2027 ne
1094 1963 1143 2026 tin
1168 2013 1174 2026 .
1201 2013 1207 2025 .
1231 1961 1292 2026 hoo
1316 2011 1322 2024 .
1349 2011 1356 2024 .

214 2069 349 2153 prandio
372 2072 404 2132 et
425 2069 556 2133 mensa³
579 2069 677 2131 situm
705 2068 878 2131 existimes,
923 2066 998 2129 Non
1026 2068 1075 2128 est
1104 2064 1281 2147 sapientiae
1304 2085 1358 2126 ne-

215 2173 338 2255 gotium
360 2171 461 2253 vesei3
485 2170 539 2233 sod
562 2170 630 2233 sine
652 2171 730 2251 vita,
754 2191 836 2252 quae
859 2168 928 2232 oivo
951 2170 1098 2248 constat,
1122 2166 1211 2228 nulla
1234 2165 1358 2247 sapien·
1399 2184 1404 2189 ·

214 2275 271 2355 tia,
301 2272 408 2336 studia
434 2270 524 2334 nulla
554 2292 622 2334 esse
649 2274 793 2354 possunt.
839 2269 936 2333 Nune
966 2319 972 2332 .
999 2319 1006 2332 .
1036 2267 1123 2332 vides
1153 2267 1254 2351 igitur
1285 2316 1291 2328 ,
1317 2316 1324 2328 .
1350 2316 1357 2329 .

215 2374 342 2439 officia4
360 2423 499 2436 .....
512 2373 535 2456 l⁵
570 2375 616 2436 At
638 2394 704 2436 non
727 2393 825 2455 aeque
850 2371 1016 2454 sequentia
1038 2369 1155 2451 officia,
1180 2369 1360 2450 quaesunt

215 2475 364 2558 qualitati
388 2474 538 2558 cuiusque
562 2473 828 2555 accommodata⁰‚
858 2475 993 2555 possunt
1020 2471 1163 2535 omnium
1186 2491 1254 2533 esse
1277 2491 1359 2533 eom-

215 2577 357 2641 muniad.
403 2575 501 2638 Aliud
523 2575 694 2658 prandium
717 2575 927 2658 gubernatori
951 2595 1117 2637 commune
1139 2575 1172 2635 at
1194 2571 1281 2635 aliud
1302 2594 1359 2654 pu-

216 2677 274 2762 gili
302 2678 340 2740 do
367 2676 505 2760 integris
532 2676 727 2760 tegoribusss.
779 2675 877 2738 Aliud
905 2674 1083 2758 prandendi
1118 2677 1244 2757 tempus
1251 2723 1260 2755 ,
1297 2673 1360 2736 alia

215 2779 345 2860 lavati0,
369 2777 450 2841 alius
473 2799 613 2861 somnus,
639 2777 702 2840 alia
724 2777 938 2862 pervigilatio.

302 2879 475 2944 Considera
502 2879 618 2962 igitur,
649 2899 691 2941 an
718 2879 753 2941 in
780 2878 843 2942 hae
872 2878 1012 2942 see-unda
1034 2878 1159 2942 ratione
1181 2876 1360 2942 officiorum

218 2981 420 3045 contineatur
447 2979 660 3064 eloquentiae·
674 2980 824 3044 studium.
871 2979 956 3044 Nam
985 2979 1158 3045 Caesarum
1186 2981 1235 3043 est
1256 2978 1291 3042 in
1314 3000 1361 3043 se-

216 3087 295 3146 natu
318 3105 398 3166 quae
422 3104 439 3145 e
460 3104 495 3146 re
518 3085 594 3145 sunt
617 3082 764 3165 suadere,
795 3082 949 3165 populum
977 3082 1016 3145 de
1038 3081 1198 3165 plerisque
1220 3080 1360 3164 negotiis

183 3197 188 3200 “
216 3185 251 3247 in
279 3184 431 3248 oonoione
462 3183 638 3267 appellare,
673 3184 723 3247 ius
749 3183 906 3248 iniustum
943 3183 1131 3267 corrigere⁷⁷
1166 3204 1224 3266 per
1251 3181 1361 3245 orbem

302 3442 370 3491 aIrr
387 3444 511 3506 margine:
542 3436 635 3490 Prima
658 3437 811 3491 officiorum
834 3437 940 3507 speeies
963 3435 1109 3506 sapientis,
1137 3451 1233 3490 eorum
1257 3435 1362 3489 scilieet

107 3533 112 3546 ‘
175 3558 177 3561 ι
218 3538 289 3590 quae
308 3522 344 3575 ad
362 3523 450 3576 vitam
468 3522 641 3590 salutemque
659 3522 808 3589 pertinent.

302 3606 320 3659 b
338 3610 372 3659 In
390 3612 515 3674 marpirre:
533 3605 655 3660 Prandio
674 3622 784 3660 oomeso
804 3606 972 3675 sapientiam
989 3606 1107 3659 ructarit
1123 3607 1237 3660 nonest
1255 3604 1362 3675 sapien-

217 3689 273 3743 tiae
291 3707 382 3758 neque
400 3707 472 3758 quae
491 3689 551 3744 civo
570 3691 681 3744 constat
699 3708 759 3745 esse
778 3690 916 3759 sapientia
932 3707 988 3744 non
1005 3691 1106 3759 potest.

306 3791 320 3827 o
338 3778 371 3827 In
388 3781 513 3843 marpine:
532 3774 659 3828 Secunda
677 3777 782 3843 speeies
802 3774 945 3842 qualitatis
963 3774 1033 3828 haec
1051 3776 1101 3828 est.

303 3859 321 3911 d
340 3863 373 3912 In
390 3864 514 3927 marytre:
545 3875 617 3925 quae
634 3862 754 3927 possunt
772 3859 896 3913 omnium
911 3876 974 3913 esse
993 3858 1162 3925 eommunia,
1186 3859 1363 3927 sed-diversa

218 3945 282 3995 sunt
300 3943 329 3995 et
341 3958 411 4009 quae
425 3944 582 3997 communia
600 3943 735 3997 omnibus.
772 3946 876 4011 [Maius
893 3949 956 3997 haee
971 3954 1102 4011 postrema
1120 3948 1146 3996 in
1163 3954 1236 3997 testu
1253 3945 1364 4011 posuit]

256 4083 422 4090 .-...—-—

305 4168 317 4214 l
335 4161 465 4216 Fortasse
483 4161 631 4231 Dionysius
649 4162 798 4217 Frontonis
815 4164 958 4233 magister.
996 4169 1091 4219 Mutus.
1114 4149 1118 4159 ⁵

301 4246 380 4299 alta
398 4245 498 4300 Codex.

302 4329 402 4383 3Maii
424 4330 543 4384 schedae
567 4331 736 4395 exhibebant
758 4352 873 4387 mensam.
910 4332 1086 4388 Heindorfius
1113 4333 1254 4389 tentabat:
1290 4332 1363 4397 Quid

217 4412 303 4481 igitur
324 4412 387 4466 istic
409 4414 599 4467 admonendus
622 4422 668 4468 es?
697 4434 731 4469 ne
759 4422 867 4471 studium
893 4417 946 4471 hoo
967 4424 1157 4493 sapientiae‘in
1188 4417 1306 4488 prandio
1333 4419 1363 4472 et

218 4514 315 4551 mensa
333 4497 417 4550 situm
435 4497 584 4553 existimes.

301 4588 317 4634 4
337 4580 440 4652 Supple
458 4599 554 4636 versus
572 4588 687 4652 septem.
716 4584 906 4639 Heindorfius:
924 4585 1002 4640 vides
1019 4582 1107 4654 igitur
1122 4592 1207 4655 prr'ma
1223 4591 1287 4640 llaec
1304 4587 1362 4640 offi-

219 4665 261 4721 eia
279 4673 384 4722 omnium
403 4688 458 4721 esse
477 4673 606 4722 lominum.

303 4758 318 4805 5
336 4752 436 4821 Incipit
455 4751 520 4806 cod.
539 4770 566 4821 p.
589 4758 647 4807 396.
1218 4831 1220 4833 V

302 4842 317 4889 6
335 4836 379 4890 Ita
397 4836 490 4891 Codex
507 4852 558 4905 pro
581 4842 724 4905 terporibus
742 4838 835 4892 vetere
854 4837 1064 4909 orthographia.
1101 4844 1199 4897 Maius.

303 4926 318 4973 7
336 4919 488 4989 Perperam
497 4921 586 4975 Maius
597 4921 678 4991 legit:
693 4928 834 4991 corripere.
854 4923 947 4977 Codex
953 4924 1095 4979 evidenter
1104 4926 1192 4980 habet
1201 4925 1277 4994 quod
1287 4926 1359 4982 dedi.
