3300 6050
641 866 677 919 M.
693 865 868 920 CORNELII
887 865 1095 919 FRONTONIS

384 1038 483 1101 Lucio
506 1036 625 1101 milites
649 1040 705 1100 aut
727 1036 845 1101 dilectu
868 1058 951 1100 1616
975 1037 1114 1100 11161661
1139 1040 1285 1102 sumendi
1306 1038 1450 1105 fuerunt

294 1141 366 1204 aut²
392 1190 398 1202 .
426 1189 431 1202 .
459 1189 465 1201 .
492 1189 498 1202 .
525 1143 558 1202 et
580 1138 668 1202 molli
690 1139 806 1202 militia
830 1138 982 1222 corrupti.

377 1240 524 1324 Namque
547 1244 620 1324 post
646 1290 652 1303 .
679 1289 685 1303 .
710 1239 843 1303 3tratae.
875 1239 1041 1303 Hadriano
1063 1242 1209 1325 principe
1232 1243 1389 1326 regundis
1416 1249 1453 1308 et

94 1363 195 1482 61111
212 1376 259 1427 m
296 1342 435 1407 facunde
452 1341 651 1426 appellandis
667 1342 859 1405 exercitibus
875 1342 940 1404 suis
955 1342 1094 1426 inpigra,
1112 1343 1166 1406 sed
1182 1366 1314 1407 asumm
1327 1394 1453 1411 .......

293 1444 457 1509 bellorum.
493 1442 720 1507 Hadrianus³⁴
742 1443 924 1526 provincias
946 1443 1189 1507 116111Τ161611
1215 1448 1326 1529 captas
1351 1449 1453 1511 omit

292 1551 360 1611 tere
381 1545 505 1626 maluit,
530 1567 625 1629 quam
648 1544 789 1609 exercitu
811 1544 1000 1608 retinerem.

377 1647 455 1711 Eius
477 1647 629 1710 itinerum
652 1649 859 1710 monumenta
882 1647 988 1710 videas
1010 1647 1242 1730 perplurimas
1265 1650 1366 1713 Asiae
1391 1655 1444 1715 at-

293 1771 353 1832 que
374 1748 522 1831 Europae
545 1748 649 1829 urbes,
674 1751 707 1810 et
728 1769 838 1831 regum
866 1798 872 1810 .
900 1797 906 1810 .
932 1798 939 1809 .
966 1798 972 1810 .
997 1749 1155 1811 exercitus
1180 1800 1186 1811 .
1213 1800 1219 1812 .
1245 1772 1337 1813 suum
1363 1802 1370 1814 .
1400 1802 1407 1814 .
1438 1803 1445 1815 .

293 1850 454 1926 neminem
476 1871 627 1932 umquam
648 1852 721 1931 post
743 1848 822 1911 vidit
837 1846 990 1935 1161111161
1016 1850 1206 1931 apstinendo
1220 1852 1277 1914 uni
1293 1854 1444 1915 omnium

293 1950 510 2041 Romanorum
532 1950 715 2034 principum
743 1948 868 2012 Numae
895 1950 965 2033 regi
995 1951 1247 2034 aequiperandus
1256 1953 1268 1988 ⁴⁵
1293 2002 1441 2017 .....

248 2040 292 2110 d.
295 2103 434 2117 .....
444 2054 621 2135 Cleertum
648 2055 697 2114 661
724 2051 764 2113 da
790 2102 795 2113 .
823 2102 829 2113 .
855 2051 905 2114 his
933 2074 996 2115 rem
1023 2051 1185 2134 publicam
1213 2053 1274 2116 sibi
1302 2054 1444 2119 admini-

296 2155 491 2219 strandam.
520 2206 526 2217 .
551 2155 594 2217 sis
624 2177 642 2216 a
670 2153 775 2236 patria
800 2204 805 2215 .
833 2204 839 2215 .
863 2176 923 2217 nec
951 2153 1026 2217 belli
1055 2154 1204 2217 adversus
1226 2154 1364 2218 Parthos
1392 2158 1444 2221 in-

293 2257 459 2321 staurandi
495 2255 631 2343 [auc]tor
665 2306 671 2317 .
699 2305 704 2317 .
731 2256 742 2293 ⁸
772 2305 779 2318 .
806 2305 812 2317 .
842 2254 889 2319 ita
922 2254 1020 2339 longa
1056 2253 1262 2319 desuetudine
1296 2256 1443 2322 bellandi

291 2360 382 2422 miles
413 2358 577 2422 Romanus
611 2358 650 2420 ad
677 2356 842 2441 ignaviam
869 2357 1026 2420 redactus.
1074 2355 1159 2419 Nam
1188 2379 1260 2420 cum
1288 2359 1442 2423 omnibus

293 2461 415 2523 artibus
437 2463 506 2522 tum
529 2459 700 2543 praecipue
722 2458 769 2521 rei
792 2457 924 2520 militari
947 2456 1067 2520 desidia
1089 2458 1185 2521 noxia
1207 2458 1287 2521 esrd.
1312 2459 1375 2523 Per
1399 2512 1405 2523 .
1433 2511 1441 2524 .

292 2565 341 2624 661
365 2612 371 2623 .
398 2610 405 2623 .
430 2561 567 2644 experiri
591 2563 623 2624 61
648 2611 654 2623 .
684 2611 689 2622 .
714 2559 832 2622 milites
854 2559 889 2620 in
913 2580 1025 2642 campo
1048 2580 1203 2623 exercere.

378 2661 615 2745 Corruptissimi
645 2682 720 2723 1616
749 2660 891 2723 omnium
919 2658 1068 2742 Syriatici
1097 2660 1242 2741 milites0,
1278 2661 1439 2745 seditiosi,

205 2049 247 2065 s

294 2765 508 2843 contumaces,
533 2763 616 2845 apud
639 2762 734 2846 signa
755 2761 986 2844 infrequentes,
1013 2814 1019 2824 .
1046 2812 1052 2823 .
1077 2762 1245 2844 praesidiis
1267 2764 1343 2845 vagi
1375 2814 1439 2828 ...

292 2886 330 2926 ac
362 2863 509 2946 palantes
543 2864 582 2926 de
614 2861 746 2925 meridie
771 2913 776 2924 .
804 2862 833 2924 ,9
855 2862 1039 2945 16111161111
1072 2884 1113 2926 16
1150 2866 1274 2925 armatu
1307 2864 1440 2947 quidem

292 2964 478 3028 sustinendo
508 2963 647 3046 adsueti,
677 2963 730 3027 sed
754 2964 948 3046 inpatientia
976 2964 1095 3027 laboris
1125 2965 1221 3028 armis
1243 2964 1440 3048 singillatim

375 3169 391 3204 a
410 3155 443 3204 Io
460 3158 584 3220 morpioe:
604 3150 645 3204 De
663 3149 805 3204 Hadriano
824 3151 893 3219 Imp.

375 3236 393 3287 b
412 3239 445 3288 In
463 3243 585 3305 marpine:
604 3235 761 3288 Hadrianus
779 3266 811 3272 —
829 3233 956 3288 retinere.

375 3337 389 3372 6
407 3324 440 3372 In
458 3329 582 3390 marpine:
606 3318 699 3383 Qualis
718 3319 874 3372 Antoninus
891 3318 983 3371 fuerit.

375 3405 393 3457 d
411 3409 445 3458 In
462 3412 585 3473 marpine:
605 3409 703 3473 Longa
721 3401 902 3457 desuetudine
920 3433 953 3440 -
970 3402 1053 3456 noxia
1072 3403 1120 3456 est.

375 3506 389 3542 6
408 3492 442 3542 In
459 3495 585 3557 ruarpine:
603 3487 779 3556 Vituperatic
798 3486 927 3554 Syriatici
945 3486 1082 3540 exercitus
1102 3486 1231 3554 corrupti.

289 3659 340 3711 pro
359 3648 476 3711 cuiusque
495 3641 634 3709 dignitate
653 3641 784 3706 ornabat,
807 3641 839 3692 ut
862 3657 941 3691 suum
958 3640 1096 3692 nonnullis
1118 3638 1273 3708 praemium
1293 3645 1438 3710 triumphus

290 3726 437 3780 videretur.
473 3725 556 3779 Lucio
577 3726 628 3778 cet.

375 3817 388 3863 1
407 3810 467 3863 Duo
486 3809 622 3863 vocabula
639 3809 728 3863 Maius
740 3808 912 3877 supplevisse
925 3808 1042 3874 videtur,
1062 3809 1178 3862 sednon
1191 3808 1259 3861 satis
1278 3809 1321 3862 est
1339 3811 1433 3878 spatii.

373 3902 388 3948 2
407 3893 510 3964 Supple
529 3895 597 3948 duos
618 3911 720 3947 1616116.

373 3979 475 4033 3Τ166
496 3996 590 4033 versus
612 3978 719 4033 incerti.
757 3976 875 4046 Supplet
899 3978 1087 4032 Heindorfius:
1119 3983 1232 4046 Namque
1252 3989 1312 4045 post
1336 3979 1435 4035 Traia·
1512 4048 1516 4056 ὓ

288 4083 354 4117 num
372 4063 484 4117 evanuit
501 4063 704 4132 propemodum
722 4063 837 4129 antiqua
854 4062 972 4116 militum
989 4063 1088 4129 virtus,
1106 4068 1244 4117 Hadriano
1263 4091 1295 4102 -
1312 4069 1434 4132 impipro,

288 4154 336 4203 sed
357 4169 373 4201 a
391 4168 482 4201 samma
506 4160 587 4201 cumen
609 4152 727 4201 bellorum
754 4145 975 4201 administranda
1001 4147 1099 4201 alieno.
1136 4145 1244 4215 Quippe
1270 4147 1433 4203 Hadrianus

287 4232 411 4302 provinc.

372 4324 389 4370 4
405 4317 494 4371 Maius
513 4316 677 4370 vccabulum
696 4317 831 4370 adsumsit
849 4334 864 4370 e
882 4316 1017 4386 margine,
1035 4332 1101 4369 nam
1119 4315 1241 4384 spatium
1258 4332 1313 4368 non
1332 4318 1384 4370 est.

374 4408 389 4456 5
407 4401 571 4471 Spartianus
589 4402 618 4454 11
635 4401 720 4456 Hadr.
738 4401 786 4454 111.
807 4419 828 4455 6.
849 4408 873 4456 5.
897 4401 1015 4470 August.
1035 4400 1069 4454 de
1088 4399 1144 4454 civ.
1163 4399 1311 4453 111116.
1333 4405 1431 4460 Maius.

373 4493 388 4540 6
405 4487 574 4541 Frontonem
590 4486 716 4539 imitatur
735 4484 882 4554 Capitolia.
901 4484 930 4538 in
948 4485 997 4537 Pio
1016 4501 1037 4537 c.
1057 4484 1105 4537 ult.
1125 4488 1220 4537 Maius.

374 4579 388 4626 7
407 4571 536 4640 Sequitur
558 4570 623 4625 Cod.
642 4588 669 4638 p.
689 4576 740 4624 258
758 4571 883 4624 obscura.

372 4655 509 4726 8Supple
529 4654 673 4708 dimidium
692 4671 809 4708 versum.
841 4659 935 4709 Maias.

372 4747 387 4794 9
406 4742 437 4793 In
454 4741 497 4794 his
515 4740 621 4794 lacunis
638 4756 729 4808 pauca
745 4740 833 4795 verba
849 4740 1000 4808 perierunt.
1025 4738 1211 4794 Heindorfius:
1230 4737 1273 4789 An
1291 4738 1377 4790 forte:
1397 4756 1432 4792 ex

288 4825 406 4879 castellis
425 4825 510 4878 etiam
533 4830 561 4877 et
581 4829 722 4892 praesidiis
739 4831 796 4893 capi
813 4824 871 4878 sine
890 4823 1046 4877 commeatu
1064 4843 1095 4876 ae
1111 4828 1239 4890 palantes.
1275 4820 1346 4874 Tum
1365 4823 1431 4876 Nie-

287 4910 414 4963 buhrius:
434 4915 466 4963 dc
483 4915 588 4963 meridie
605 4908 781 4962 somniculosi
799 4926 831 4962 ac
850 4914 982 4962 terrulenta
