3300 6050
226 818 229 825 ‚
287 845 358 928 ‘258
631 860 666 912 u.
691 859 859 913 ooeuuru
882 859 1088 913 ruourorus

295 1054 355 1112 ται,
378 1032 428 1097 καὶ
451 1032 496 1094 ὼε
518 1031 618 1095 εἰπεῖν
640 1031 849 1109 ἐξορχοῦνται
869 1032 927 1095 τὸν
951 1031 1064 1109 ἔρωτα.
1109 1031 1289 1110 (υγγράψει
1311 1032 1364 1112 δὲ,
1392 1030 1442 1094 ὥς

296 1156 401 1217 φαειν,
425 1133 443 1197 ὁ
467 1134 521 1197 τό(
543 1133 674 1212 ἑραετὴε
704 1133 839 1212 ἐρωτικά
860 1153 931 1198 τινα
953 1134 1025 1211 περὶ
1048 1137 1105 1196 (οὓ
1128 1132 1367 1211 ευγγράμματα,
1392 1132 1441 1196 ὼε

294 1236 399 1318 τούτῳ
423 1236 461 1312 δὴ
483 1235 614 1313 μάλιετά
637 1255 668 1299 τε
684 1233 865 1299 δελεάεων1
882 1235 932 1297 καὶ
947 1235 1186 1313 προεαξόμενοε
1208 1235 1258 1297 καὶ
1280 1234 1439 1313 αίρήεων·

293 1340 332 1403 τὰ
348 1339 380 1401 δ’
396 1338 479 1401 έττιν
502 1336 592 1416 αίεχη
615 1337 665 1400 καί
688 1337 798 1414 ὀνείδη
821 1337 873 1400 καὶ
896 1339 954 1417 βοή
976 1357 1023 1400 τιε
1038 1335 1215 1400 ἀκόλαετοε
1230 1334 1289 1397 ὑπ’
1304 1334 1440 1414 οἴετρου

294 1440 559 1520 προπεμπομένη,
583 1436 693 1502 ὁποῖαι
715 1438 833 1517 θηρίων
856 1440 875 1516 ἢ
898 1438 1121 1518 βοεκημάτωνῖ
1136 1438 1193 1502 ὑπ’
1215 1437 1338 1515 έρωτοε
1362 1442 1440 1517 βρυ-

294 1544 452 1621 χωμένων
474 1542 493 1619 ἢ
516 1539 788 1619 χρεμετιζόντων3
808 1541 828 1618 ἢ
851 1541 1047 1619 μυκωμένων
1067 1540 1092 1618 ἢ
1108 1539 1317 1618 ὠρυομένων.
1354 1539 1440 1603 Τού-

294 1664 361 1707 τοιε
378 1643 465 1709 ἔοικε
487 1643 527 1705 τὰ
547 1644 613 1706 τῶν
637 1642 788 1721 ἐρώντων
817 1641 947 1722 ᾄεματα.
992 1641 1024 1704 Εἰ
1051 1645 1132 1716 γοῦν
1155 1642 1339 1720 ἐπιτρέψαι(
1362 1661 1440 1704 εαυ-

294 1745 371 1810 τὸν4
393 1751 439 1828 τῷ
468 1745 580 1827 έραετῇ
608 1746 738 1822 χρῆεθαι
766 1742 870 1806 ὅπου5
900 1744 949 1806 καί
977 1743 1076 1808 ὁπότε
1105 1743 1273 1822 βούλοιτο,
1298 1742 1372 1807 οὔτ’
1394 1743 1439 1807 ἂν

294 1848 405 1925 καιρὸν
428 1847 609 1925 περιμείνας
632 1845 830 1922 ἐπιτήδειον,
858 1845 932 1908 οὔτε
955 1844 1068 1916 τόπον,
1093 1844 1167 1909 οὔτε
1190 1847 1327 1925 (χολὴν,
1358 1844 1440 1908 οὔτε

295 1948 436 2028 ἐρημίαν,
459 1947 541 2011 άλλά
563 1947 694 2026 θηρίουί
716 1946 804 2024 δίκην
829 1946 892 2010 ὑπὸ
921 1945 1034 2023 λάττηε
1057 1947 1150 2010 εὐθὺς
1172 1945 1298 2025 έχοιτο7
1322 1947 1362 2011 ἂν
1385 1947 1440 2009 καὶ

295 2052 412 2131 βαίνειν
434 2052 630 2128 προθυμοῖτο
652 2049 750 2127 μηδὲν
773 2047 971 2141 αἰδούμενοε.
1257 2039 1260 2045 ’

377 2152 482 2216 Τοῦτο
506 2151 550 2215 έτι
572 2152 719 2231 προεθεὶε
742 2148 934 2214 καταπαάεω
956 2150 1141 2228 τὸνλόγον,
1164 2149 1213 2213 ότι
1228 2151 1337 2220 πάντα
1349 2155 1439 2215 θεῶν

293 2259 383 2333 δῶρα
411 2254 461 2317 καί
489 2252 566 2332 ἔργα
595 2252 655 2316 όεα
684 2253 717 2316 ἐε
746 2251 930 2331 ἀνθρώπων
958 2251 1067 2330 χρείαν
1096 2273 1131 2316 τε
1158 2254 1207 2317 καὶ
1234 2253 1349 2332 τέρψιν
1385 2254 1439 2317 καὶ

293 2357 454 2436 ὠφέλειαν
477 2354 635 2435 άφῑκταιῦ,
664 2355 782 2432 τὰμὲν
806 2353 914 2416 αὐτῶν
937 2354 1023 2417 πάνυ
1045 2354 1096 2418 καί
1117 2355 1221 2438 πάντῃ
1245 2355 1348 2435 θεῖαί,
1372 2359 1439 2432 γῆν

293 2480 372 2538 φημι
393 2458 443 2521 καί
467 2456 609 2535 οὐρανὸν
632 2456 681 2518 καὶ
702 2455 794 2532 ἥλιον
818 2455 868 2518 καί
890 2454 1059 2531 θάλατταν,
1083 2455 1192 2533 ὑμνεῖν
1216 2458 1272 2540 μέν
1288 2459 1339 2522 καὶ
1358 2462 1438 2522 θαυ-

291 2560 399 2638 μάζειν
428 2557 633 2638 πεφύκαμεν,
659 2557 735 2635 έράν
763 2559 794 2620 δ’
823 2555 880 2633 οὔ,
909 2558 1016 2620 καλῶν
1040 2556 1076 2620 δέ
1097 2578 1195 2622 τινων
1219 2559 1438 2637 φαυλοτέρων

292 2662 342 2724 καί
369 2659 556 2738 ἀτιμοτέρα(
584 2659 695 2738 μοίραε
723 2657 962 2737 τετυχηκότων,
990 2657 1116 2724 τούτων
1143 2659 1202 2736 ἤδη
1232 2659 1356 2738 ψθόνοε
1384 2662 1439 2725 καὶ

292 2763 376 2840 ἔρωε
402 2762 452 2824 καί
479 2764 575 2837 ζῆλοε
602 2761 652 2823 καί
678 2759 786 2838 ίμεροε
814 2758 988 2823 άπτεταιίί.
1035 2761 1090 2823 Καὶ
1118 2760 1148 2823 οί
1178 2761 1235 2837 μέν
1258 2783 1341 2826 τινεε
1364 2763 1439 2840 κε’ρ-

293 2869 371 2927 δουε
394 2862 522 2940 έρῶαν,
546 2861 577 2925 οἱ
598 2863 633 2925 δὲ
656 2860 752 2941 όψων
775 2861 832 2939 αὖ,
863 2859 942 2944 issoi
963 2862 999 2924 δὲ
1022 2859 1123 2926 οἴνου.
1167 2862 1217 2926 Ἐν
1240 2864 1277 2939 δὴ
1300 2869 1346 2947 τῷ
1368 2884 1437 2927 τοι-

294 2969 358 3048 ῷδε
380 2963 501 3047 ἀριθμῷ
530 2963 579 3027 καί
601 2962 700 3043 μερίδι
728 2963 907 3028 καθίεταται
934 2963 971 3027 τὸ
999 2962 1117 3028 κάλλοε
1144 2962 1209 3028 ὑπὸ
1237 2967 1303 3029 τῶν
1332 2964 1438 3043 ἐρών-

292 3087 374 3143 των,
407 3066 520 3145 ὅμοιον
549 3066 651 3145 κέρδει
678 3066 728 3130 καὶ
757 3067 834 3150 ὄψψ
863 3066 913 3129 καί
940 3065 1069 3149 μέθῃ·12
1102 3065 1166 3129 ὑπὸ
1195 3067 1228 3130 δ’
1249 3067 1341 3145 ἡμῶν
1365 3074 1437 3133 τῶν

228 3221 233 3226 .
293 3169 521 3248 θαυμαζόντων
545 3169 617 3247 μέν,
640 3170 681 3246 μὴ
705 3168 857 3246 ἐρώντων
879 3168 914 3231 δέ
924 3166 960 3243 ¹³,
990 3166 1103 3245 ὅμοιον
1126 3167 1205 3249 ἡλίῳ
1229 3169 1279 3231 καί
1300 3169 1437 3253 οὐρανῷ

293 3273 342 3335 καί
363 3277 403 3355 γῇ
426 3272 476 3335 καὶ
498 3271 651 3352 θαλάττῃ·
684 3270 723 3334 τὰ
750 3271 812 3360 γάρ
840 3272 972 3334 τοιαῦτα
1000 3270 1121 3335 παντὸε
1149 3269 1271 3365 έρωτοε
1299 3270 1437 3349 κρείττω

298 3462 458 3470 ..ψ-...Μ-Μ,
480 3463 483 3466 x

379 3584 392 3629 1
413 3574 517 3629 Codex:
536 3575 683 3640 δεχεάῑων.
716 3573 843 3627 Correxit
860 3573 1009 3627 leeobeiue.

377 3666 393 3713 2
412 3658 517 3713 Codex:
537 3664 632 3726 θηρῶν
651 3661 667 3725 ἢ
688 3660 879 3726 βοεχημάπων.

377 3752 392 3797 3
412 3743 516 3798 Codex:
535 3744 780 3811 χραιμετιζόντων.
803 3741 955 3810 Perperem
963 3741 1065 3795 Maius:
1078 3743 1342 3823 χραιμετιζομένων.
1368 3745 1440 3801 Cor-

295 3830 478 3884 κατοικιδίου]
496 3828 647 3882 Bekkerus.

376 3921 394 3973 ,4
413 3913 518 3966 Codex:
541 3914 638 3965 αὐτὸν.
676 3910 802 3965 Correxit
818 3911 966 3965 Iaeobsius.

379 4006 394 4050 5
412 3997 517 4050 Codex:
541 3999 589 4050 ὅτε
608 3998 651 4049 οὐ.
689 3994 815 4049 Correxit
832 3996 1025 4050 Buttmannue

379 4088 394 4133 6
414 4080 518 4134 Codex:
538 4083 633 4147 θὴρου.

380 4171 394 4218 7
413 4164 517 4218 Codex:
541 4166 634 4218 είοιτο.
673 4164 751 4227 Quod
775 4166 879 4220 oouieoi
899 4166 1102 4234 propemodum
1126 4169 1231 4220 certum
1249 4171 1300 4221 est.
1338 4171 1443 4226 Iacob-

295 4250 361 4302 eius:
380 4249 451 4314 θίγοι
470 4266 525 4302 (ou.

380 4339 396 4387 8
415 4332 520 4386 Codex:
539 4350 667 4399 αφεικτα.
704 4335 831 4388 Correxit
848 4335 997 4389 lacobsiue.

380 4425 394 4471 θ
414 4417 518 4471 Codex:
536 4418 723 4474 ΠΑΝΙΗΙΘΕΙ.
761 4418 887 4472 Correxit
904 4419 1052 4474 Iaeobsiue.

363 4509 395 4556 10
414 4501 518 4561 Codex:
546 4504 672 4557 ἀπυεται,
709 4503 784 4557 Corr.
804 4505 997 4558 Buttmannue.
1037 4504 1152 4558 Μαικία
1174 4505 1223 4559 Ed.
1247 4506 1360 4563 Mediol.
1386 4530 1444 4581 pro

296 4588 378 4653 ὄψων
395 4586 484 4640 Maius
503 4586 630 4640 ediderat
648 4590 736 4654 θύων,
755 4588 828 4642 unde
847 4590 987 4642 laeobsius
1005 4591 1174 4656 θυωμάτων.

364 4679 393 4724 11
413 4671 513 4740 Incipit
531 4670 596 4725 Cod.
617 4674 744 4726 Ambros.
762 4692 788 4741 p.
808 4679 848 4727 73.

364 4762 394 4808 12
413 4756 501 4810 Maius
519 4757 615 4822 μέλιτι.
651 4756 802 4826 Corruptus
824 4759 901 4811 ioeue
922 4759 964 4811 ite
985 4759 1088 4827 legitur
1109 4759 1138 4811 in
1160 4758 1272 4812 Codice:
1311 4764 1446 4822 ΥΕΙΔΕΙ-

296 4841 651 4895 ΚΑΙΟΨΩΙΚΑΙΜΕΕΗΜΗ.

364 4929 395 4975 13
413 4923 518 4976 Codex:
537 4926 580 5002 δή.
