3300 6050
277 877 338 939 160
487 873 522 926 u.
539 871 706 926 connum
724 851 930 926 siaonroms
949 874 1203 929 misrummm

275 1065 328 1106 eas
362 1065 472 1126 promo
504 1093 733 1106 ......
768 1066 808 1107 en
839 1093 1015 1108 .....
1054 1069 1077 1109 n
1112 1051 1150 1109 ul
1187 1096 1412 1112 ......

276 1195 282 1207 .
310 1195 316 1207 .
340 1148 410 1207 unt.

357 1245 466 1308 Laudo
483 1248 622 1310 censoris
637 1253 717 1311 illud
723 1247 745 1330 ²,
769 1249 822 1331 qui
839 1249 930 1311 ludos
944 1249 1075 1312 talarios
1097 1250 1310 1335 effugeret³‚l⁴
1331 1252 1414 1333 quod

274 1350 374 1409 semet
394 1348 499 1430 ipsum
522 1349 658 1431 diceret,
683 1370 755 1412 cum
783 1371 820 1412 ea
842 1352 1071 1432 praeterisset⁵‚
1103 1351 1233 1413 difficile
1261 1351 1414 1434 dignitati

274 1449 408 1531 servire,
438 1449 514 1532 quin
545 1452 585 1512 ad
608 1451 736 1514 modum
759 1452 872 1514 crotali
895 1455 951 1514 aut
974 1451 1111 1535 cymbali
1134 1452 1247 1535 pedem
1269 1456 1412 1536 poneret.

274 1550 354 1612 Tum
377 1553 543 1633 praeterea
565 1552 666 1614 multa
689 1555 765 1615 sunt
786 1552 821 1614 in
843 1553 905 1614 isto
928 1575 1046 1637 genere
1069 1553 1195 1616 dicendi
1217 1554 1351 1617 sinceris
1374 1554 1414 1617 si-

274 1651 377 1732 milia,
416 1652 480 1715 nisi
508 1655 578 1735 quis
602 1654 775 1737 diligenter
797 1656 989 1719 examinate.
1034 1660 1269 1733 [aequaeuam
1291 1663 1413 1720 sceleri:

274 1750 332 1826 Q.⁰
355 1753 509 1816 Annaeus
533 1755 588 1817 ait.
634 1754 754 1819 Contra
777 1753 961 1820 Sallustius:
991 1776 1075 1820 omae
1097 1763 1143 1818 ius
1165 1755 1195 1819 iu
1217 1762 1434 1821 ualidioribus·

273 1875 345 1917 esse.
391 1854 577 1919 Gallicanus
605 1857 733 1940 quidam
762 1858 956 1921 declamator
984 1880 1056 1920 cum
1084 1857 1275 1921 Macedones
1298 1858 1414 1920 delibe-

274 1955 387 2037 rantis,
412 1955 596 2020 Alexandro
618 1957 728 2021 morbo
750 1963 886 2041 mortue,
911 1982 953 2022 an
969 1959 1168 2041 Babylonem
1185 2009 1392 2022 .......
1402 1960 1413 1996 ⁷

274 2056 350 2139 quid
372 2056 399 2118 si
422 2059 526 2139 utens
552 2080 621 2122 com
645 2109 783 2123 .....
792 2062 804 2099 ⁸
826 2082 895 2142 nes,
922 2060 1038 2142 inquit.

358 2157 513 2221 Factum9
536 2164 598 2224 est:
622 2162 731 2224 eodem
753 2161 814 2224 hoc
837 2161 933 2224 verbo
948 2161 1036 2225 Enni
1053 2211 1060 2224 .
1077 2161 1265 2231 URonAK
1282 2211 1288 2223 .
1308 2210 1315 2223 .
1333 2210 1340 2224 .
1359 2161 1414 2224 CA

275 2260 380 2323 claudi
401 2260 462 2342 ait,
486 2261 680 2327 factumest
704 2313 710 2326 .
737 2312 744 2325 .
769 2266 801 2326 et
820 2267 949 2338 [sicinus
973 2263 1238 2326 commemorabile
1249 2263 1288 2325 ¹⁰:
1322 2262 1414 2325 Tibe-

274 2362 318 2424 ris
341 2364 405 2444 est,
430 2362 548 2446 Tusce,
573 2363 713 2446 Tiberis,
738 2386 833 2446 quem
854 2365 944 2428 iubes
968 2365 1100 2429 cludi¹¹:
1137 2364 1234 2427 Tiber
1256 2365 1360 2427 amnis
1383 2367 1415 2426 et

274 2463 421 2526 dominus
437 2467 470 2526 et
485 2463 653 2527 fluentium
669 2465 753 2528 circa
768 2469 922 2549 regnator
943 2466 1102 2529 undarum
1112 2467 1143 2529 ¹⁴².
1175 2465 1316 2529 Ennius:
1333 2471 1415 2529 Post·

274 2586 363 2642 quum
395 2565 560 2630 consistam
592 2573 702 2644 stitutus
734 2574 786 2644 qui
819 2574 948 2631 emerium
977 2574 1136 2648 princeps,
1179 2577 1230 2645 qui
1264 2553 1317 2630 sut
1348 2587 1415 2630 cue-

361 2718 378 2754 a
400 2706 433 2754 In
451 2707 574 2769 margine:
604 2700 693 2755 Multa
718 2703 781 2755 sunt
802 2701 903 2755 similia
924 2703 1049 2769 sinceris,
1071 2703 1124 2756 nisi
1146 2702 1331 2771 scrupulosius
1349 2717 1415 2754 exa-

275 2785 423 2838 minentur.

362 2892 376 2939 1'
394 2888 426 2940 In
443 2887 486 2941 his
504 2886 609 2942 lacunis
626 2887 769 2957 perierunt
784 2891 842 2942 tres
860 2906 964 2943 versus

361 2977 376 3025 2
394 2972 501 3042 Nempe
521 2973 642 3041 quinque
659 2973 770 3028 litterae
790 2973 932 3029 evanidae.

360 3065 376 3111 3
393 3058 500 3111 Novem
517 3058 636 3112 litterae.

360 3149 377 3194 4
395 3142 495 3211 Incipit
514 3142 579 3216 (iod.
599 3162 626 3212 p.
646 3150 703 3198 349.

361 3233 377 3280 5
394 3228 427 3279 ln
444 3226 544 3281 Codice
561 3227 618 3297 legi
635 3229 758 3283 videtur:
775 3248 841 3297 prae
861 3272 866 3282 .
888 3271 893 3282 .
915 3271 921 3282 .
941 3272 946 3281 .
968 3271 973 3281 .
994 3272 1000 3281 .
1019 3240 1066 3285 set.
1096 3228 1185 3281 Maius
1202 3225 1257 3282 non'
1275 3227 1415 3297 expedivit

276 3312 347 3364 hanc
364 3311 539 3365 sententiam.
575 3313 705 3367 Lectores
716 3314 841 3368 ‘videant
858 3330 893 3366 an
913 3330 956 3366 res
973 3312 1042 3364 mihi
1059 3313 1157 3365 melius
1175 3312 1293 3366 cesserit.

360 3403 376 3448 6
394 3397 437 3449 Ita
453 3396 542 3450 Maius
559 3396 681 3465 legebat.

360 3487 374 3534 I
394 3480 498 3549 Supple
517 3482 579 3535 octo
597 3482 714 3536 litteras.
750 3483 893 3536 Fortasse:
912 3504 946 3536 un
964 3487 1097 3550 Babylone
1114 3494 1252 3537 manerent.

360 3570 376 3617 8
394 3564 497 3634 Supple
516 3567 637 3635 quinque
654 3568 771 3622 litteras.
808 3568 951 3622 Fortasse:
975 3573 1100 3621 commode
1118 3587 1212 3621 mones.

359 3657 375 3704 9
393 3652 437 3704 Ita
453 3652 483 3704 in
501 3650 601 3706 Codice
620 3670 637 3705 a
653 3653 735 3706 linea.
756 3684 788 3692 -
806 3652 913 3708 Vitium
931 3652 1099 3705 aFrontonc
1117 3653 1232 3705 notatur
1248 3652 1277 3705 in
1295 3653 1415 3720 repetita

275 3736 414 3790 locutione
435 3741 594 3803 factumest.
626 3741 802 3791 Battmannua.
839 3736 998 3791 Consulenti
1015 3736 1126 3805 patebit
1144 3736 1202 3789 eius
1221 3736 1414 3805 supplementa

275 3820 387 3873 minime
406 3821 551 3874 convenire
571 3839 632 3874 cum
651 3821 716 3876 Cod.
736 3822 849 3875 lacunis.

312 3952 314 3956 ,
345 3912 376 3959 10
393 3905 518 3959 Lacrmas
540 3906 660 3959 indicavi
683 3908 817 3973 quantum
839 3907 919 3975 potui
941 3905 1154 3960 accuratissime.
1189 3905 1230 3959 De
1252 3906 1314 3958 loco
1337 3907 1414 3958 resti-

275 3992 378 4044 tuendo
397 3991 525 4057 equidem
544 3991 668 4059 despero.
706 3990 782 4054 Quae
801 3992 935 4060 supplevi,
954 3992 1019 4044 dedi
1035 3990 1134 4044 litteris
1151 3989 1261 4044 italicis.

343 4081 374 4129 11
393 4074 459 4128 Cod.
474 4093 526 4129 sec.
541 4093 576 4129 m.
592 4082 683 4129 claudi.
708 4074 846 4128 Videntur
863 4078 951 4129 verba
968 4076 1051 4129 edicti
1068 4074 1141 4127 illius
1161 4091 1215 4141 quo
1234 4075 1270 4127 M.
1289 4074 1415 4127 Aurelius

275 4160 399 4213 Tiberim
416 4160 597 4213 inundantem
616 4160 737 4213 coerceri
754 4160 872 4213 iusserit,
908 4160 989 4213 Illam
1016 4163 1091 4213 certe
1113 4160 1250 4213 urbanam
1274 4158 1413 4212 calamita-

274 4245 332 4296 tem
351 4246 401 4298 sub
419 4243 505 4297 initiis
522 4243 632 4313 imperii
650 4242 776 4298 divorum
794 4245 924 4298 Fratrum
942 4244 1092 4313 contigisse
1110 4244 1151 4297 ait
1163 4243 1311 4313 Capitolin.
1330 4242 1359 4294 in
1377 4243 1413 4294 M.

274 4346 334 4398 cap.
353 4329 418 4383 Vlll
437 4345 553 4397 eamque
572 4344 638 4382 cura
654 4329 810 4397 principum
832 4328 917 4382 fuisse
934 4330 1129 4397 temperatam.
1167 4332 1262 4384 Maius.

343 4420 374 4467 12
391 4411 509 4467 Videtur
535 4413 644 4467 Marcus
671 4413 762 4467 edicto
788 4429 837 4468 suo
859 4413 1007 4481 Virgilium
1030 4414 1155 4467 imitatus
1181 4414 1249 4467 Aen.
1272 4412 1344 4465 VIII.
1368 4418 1413 4466 77:

273 4504 391 4568 corniger
409 4504 569 4566 hesperidum
585 4504 674 4567 fluvius
691 4509 814 4567 reparator
832 4519 961 4568 aquarum.
988 4502 1082 4552 Maius.
1113 4498 1177 4550 Non
1195 4498 1293 4565 opinor
1310 4496 1415 4550 Maium

273 4583 440 4636 intellexisse
459 4582 525 4649 quid
543 4583 647 4635 Fronto
666 4582 753 4648 dicat;
777 4584 859 4637 erunt
875 4584 995 4636 fortasse
1014 4582 1164 4649 aliquando
1182 4582 1229 4649 qni
1247 4582 1318 4634 hanc
1336 4581 1414 4650 pagi-

272 4685 338 4722 nam
357 4668 517 4738 expediant:
537 4667 665 4735 equidem
683 4685 797 4737 operam
815 4666 932 4735 perdidi.

343 4760 374 4807 13
392 4751 459 4806 Cod.
479 4753 595 4807 CONST
610 4796 615 4805 .
631 4796 636 4806 .
651 4752 700 4818 Tl,
723 4753 772 4806 sed
789 4752 902 4804 litterae
924 4753 1046 4820 fugaces.
1084 4749 1179 4804 Cicero
1198 4749 1275 4803 Orat.
1294 4755 1335 4815 48,
1355 4756 1414 4803 161:

275 4846 317 4909 qui
340 4848 378 4891 est
396 4841 493 4892 omnibu
509 4843 639 4905 princeps.
676 4838 818 4892 Vahlenus
845 4836 1027 4889 conferendus
1055 4837 1083 4887 ct
1107 4836 1244 4888 Beckerus
1270 4836 1298 4887 in
1320 4834 1415 4887 Diario

273 4923 362 4976 Marb.
383 4928 447 4977 1849
464 4939 491 4990 p.
511 4929 568 4978 331.
