3300 6050
651 855 698 909 DE
717 855 861 910 NEPOTE
879 853 1019 909 Amisso.
1342 858 1403 923 231

261 1050 357 1111 quam
385 1028 427 1090 sit
447 1049 498 1090 res
520 1027 726 1110 imperiosae,
756 1026 826 1110 quis
855 1028 887 1089 te
915 1027 1020 1111 magis
1047 1025 1157 1089 norit?
1200 1026 1263 1091 Sed
1284 1049 1339 1091 oro
1361 1031 1403 1112 tc,

260 1129 338 1192 illud
366 1130 536 1213 quidest,
574 1130 657 1213 quod
685 1129 720 1191 in
749 1128 813 1192 fine
842 1127 997 1210 epistulae
1025 1150 1157 1192 manum
1186 1129 1403 1194 condoluisse¹

260 1231 366 1294 dicis?
409 1230 565 1294 illatenus
588 1230 736 1312 dolueris,
760 1230 805 1292 mi
827 1230 992 1314 magister,
1016 1230 1042 1293 si
1065 1252 1115 1293 me
1138 1234 1317 1314 compotem
1338 1234 1403 1296 voti

261 1334 312 1410 dii
348 1331 423 1394 boni
459 1332 594 1395 faciunt.
647 1330 728 1395 Vale
761 1330 806 1393 mi
842 1331 998 1415 magister
1034 1331 1170 1415 optime,
1213 1335 1404 1415 φιλόετοργε

260 1432 441 1513 ἄνθρωπε3.
1259 1421 1261 1425 ’

761 1521 833 1581 eut.
857 1521 906 1581 Α.

671 1636 716 1699 Μ.
742 1635 992 1701 FRONTONIS

600 1737 648 1790 ΒΕ
666 1734 782 1791 Funus
802 1736 1034 1792 ALSIENSIBUS
1042 1740 1060 1792 ⁴.

677 1998 981 2007 ———-———.

632 2202 688 2280 Μ.
710 2202 1031 2285 FRONTONIS

518 2371 591 2441 DE
631 2370 847 2443 NEPOTE
898 2368 1126 2445 AMISSO⁵.

559 2553 592 2619 Ι.
625 2553 798 2635 Magistro
820 2554 896 2620 Meo
920 2551 1094 2622 Salutem.

340 2688 435 2752 Modo
459 2689 594 2773 cognovi
618 2690 655 2754 de
680 2712 766 2755 casu.
799 2689 880 2755 Oum
903 2695 1010 2755 autem
1032 2692 1068 2754 in
1090 2691 1228 2775 singulis
1251 2691 1399 2756 articulo-

256 2812 326 2853 rum
353 2794 481 2854 tuorum
513 2791 673 2856 doloribus
701 2794 843 2875 torqueri
871 2792 1005 2876 soleam,
1040 2793 1085 2856 mi
1118 2793 1288 2877 magister,
1323 2794 1400 2877 quid

255 2892 397 2975 opineris
420 2915 470 2956 me
492 2894 571 2976 pati,
596 2916 667 2957 eum
690 2894 833 2958 animum
855 2893 987 2957 dolesb‘?

340 2994 429 3058 Nihil
454 2995 644 3059 conturbato
666 2994 745 3059 mihi
774 2995 860 3060 aliud
882 2997 917 3060 in
939 2999 1081 3060 mentem
1104 2996 1203 3080 venit,
1231 3019 1327 3081 quam
1349 3020 1398 3062 ro-

255 3119 333 3182 gare
353 3100 385 3161 te
413 3100 450 3160 ut
479 3118 644 3161 conserves
671 3097 751 3160 mihi
782 3097 999 3161 dulcissimum
1027 3099 1250 3183 magistrum„
1273 3099 1309 3161 in
1335 3122 1397 3182 quo

254 3199 348 3282 plura
370 3198 489 3262 solacia
517 3199 601 3263 vitae
629 3197 723 3262 huius
751 3197 865 3282 habco,
895 3199 1010 3282 quam6
1035 3199 1095 3262 tibi
1122 3199 1273 3264 tristitiae
1304 3199 1397 3263 istius

339 3390 407 3441 aIn
424 3390 550 3453 narpine:
568 3383 743 3439 Verecundia
761 3383 852 3450 officii,
870 3400 914 3438 res
932 3383 1015 3438 officii
1033 3401 1076 3438 res
1094 3383 1251 3452 imperiosa.

338 3470 410 3523 bln
427 3475 554 3538 marpine:
585 3468 653 3523 Cum
680 3469 860 3523 articulorum
885 3469 997 3522 tuorum
1023 3467 1164 3522 doloribus
1190 3469 1332 3537 torquear,
1357 3470 1396 3523 mi

254 3554 395 3624 magister,
414 3553 481 3623 quid
492 3584 525 3593 —
544 3552 637 3608 doles?

340 3733 352 3778 1
373 3724 477 3780 Codex:
501 3729 664 3779 consuluisse.
699 3722 789 3776 Maius
812 3723 878 3777 satis
897 3721 1011 3777 ridicule
1029 3729 1190 3778 connivisse.

339 3816 354 3863 2
373 3806 518 3878 Supplevit
535 3808 632 3862 Maius.
1227 3801 1229 3804 ’

340 3902 355 3949 3
374 3893 481 3948 Graeca
489 3891 578 3947 Maius
589 3891 858 3947 omisitinEd.Rom.
870 3891 975 3948 Codex:
986 3895 1019 3946 Φ.
1030 3894 1058 3946 l.
1073 3891 1352 3950 STORTEANOPQ..
1364 3895 1392 3949 C.

339 3984 356 4031 4
374 3977 480 4032 Codex:
499 3981 656 4033 Aicensibus.

338 4069 354 4117 5
371 4063 393 4117 E
411 4061 558 4116 Frontonis
572 4061 720 4132 nepotibus
738 4079 807 4115 unus
827 4063 926 4116 saltem
944 4061 1079 4132 superfuit
1095 4062 1132 4116 M.
1145 4063 1270 4117 Aufidius
1282 4065 1394 4134 Fronte,

254 4147 301 4216 qui
322 4164 395 4201 anno
422 4145 498 4200 urbis
517 4153 567 4202 952
594 4164 656 4200 cum
674 4145 792 4200 Anulino
820 4148 978 4202 consulares
1003 4149 1091 4202 fasces
1117 4148 1215 4201 tenuit.
1251 4148 1324 4202 Nam
1349 4150 1394 4205 hic

254 4247 364 4300 quoque
381 4231 468 4284 filium
485 4229 585 4297 amisit,
603 4231 734 4301 nepotem
751 4231 814 4285 ideo
832 4230 935 4285 Aufidii
951 4231 1095 4299 Victorini,
1112 4235 1296 4302 pronepotem
1310 4235 1394 4289 Fron·

253 4316 326 4369 tonis
353 4314 478 4370 oratorie.
519 4315 584 4369 Eius
611 4315 740 4391 nimirum
767 4317 858 4371 exstat
883 4315 991 4371 Pisauri
1018 4316 1194 4385 sepulchrum
1216 4334 1279 4370 cum
1299 4318 1393 4372 inscri-

252 4401 360 4471 ptione:
397 4404 435 4452 M.
458 4404 561 4467 Aufidio
580 4442 587 4457 .
605 4403 732 4455 Frontoni
744 4442 749 4453 .
761 4407 900 4469 pronepoti
912 4442 918 4454 .
932 4406 971 4454 M.
992 4405 1094 4455 Corneli
1106 4406 1263 4475 ..Frontonis
1280 4443 1286 4454 .
1305 4415 1392 4457 oraio-

252 4491 290 4538 ris
307 4529 312 4539 .
331 4489 440 4539 conculis
456 4525 463 4540 .
480 4489 619 4552 magistri.
641 4489 819 4552 imperatorum
833 4528 839 4540 .
853 4490 918 4538 ani
930 4528 936 4539 .
950 4497 977 4539 et
994 4528 999 4539 .
1019 4490 1163 4540 Antonini.
1176 4491 1264 4553 nepoti
1279 4528 1285 4539 .
1304 4490 1394 4553 Aufidi

254 4612 259 4622 .
277 4573 405 4622 Victorini
422 4607 428 4621 .
444 4572 575 4636 praefecti
587 4611 592 4621 .
606 4571 663 4621 urbi
680 4608 687 4621 .
704 4572 742 4621 bis
760 4611 766 4622 .
785 4574 895 4623 consulis
916 4613 923 4627 .
944 4575 1042 4625 Fronto
1061 4612 1067 4625 .
1086 4576 1173 4625 consul
1190 4574 1263 4636 .filio
1282 4576 1392 4624 .dulcis-

250 4659 322 4708 sino.
341 4684 373 4692 —
392 4659 485 4707 Maius.
520 4651 673 4706 Niebuhrio
691 4652 801 4707 videtur
818 4669 900 4724 puer,
923 4655 958 4708 de
976 4671 1030 4723 quo
1048 4671 1121 4709 nune
1139 4670 1229 4709 sermo
1246 4653 1286 4720 fit,
1305 4653 1392 4708 diver-

252 4755 296 4792 sus
315 4753 374 4792 esse
393 4739 428 4792 ab
446 4737 503 4804 illo,
522 4735 569 4804 qui
586 4735 714 4790 trimulus
732 4735 802 4791 obiit
815 4739 844 4793 et
854 4740 1026 4795 memoratur
1042 4739 1071 4793 in
1088 4740 1138 4809 Ep.
1153 4738 1190 4794 ad
1200 4737 1304 4792 Verum
1320 4739 1389 4808 Imp.
1486 4800 1494 4815 ·

252 4824 427 4877 R9mw

336 4913 351 4960 6
370 4906 474 4962 Codex:
493 4924 566 4975 qaae
