<?xml version="1.0" encoding="UTF-8"?>
<!DOCTYPE html PUBLIC "-//W3C//DTD XHTML 1.0 Transitional//EN"
    "http://www.w3.org/TR/xhtml1/DTD/xhtml1-transitional.dtd">
<html xmlns="http://www.w3.org/1999/xhtml" xml:lang="en" lang="en">
 <head>
  <title>
</title>
<meta http-equiv="Content-Type" content="text/html;charset=utf-8" />
  <meta name='ocr-system' content='tesseract 3.04.00' />
  <meta name='ocr-capabilities' content='ocr_page ocr_carea ocr_par ocr_line ocrx_word'/>
</head>
<body>
  <div class='ocr_page' id='page_1' title='image "./mcorneliifronto00frongoog/mcorneliifronto00frongoog_0072.png"; bbox 0 0 3300 6050; ppageno 0'>
   <div class='ocr_carea' id='block_1_1' title="bbox 290 826 1217 947">
    <p class='ocr_par' dir='ltr' id='par_1_1' title="bbox 290 826 1217 947">
     <span class='ocr_line' id='line_1_1' title="bbox 290 826 1217 947; baseline 0.001 -34"><span class='ocrx_word' id='word_1_1' title='bbox 290 869 331 931; x_wconf 68' lang='lat'><strong>322</strong></span> <span class='ocrx_word' id='word_1_2' title='bbox 500 864 535 947; x_wconf 89' lang='lat' dir='ltr'><strong>M.</strong></span> <span class='ocrx_word' id='word_1_3' title='bbox 551 826 944 917; x_wconf 75' lang='lat' dir='ltr'><strong>nonnaniiunon&#39;ronis</strong></span> <span class='ocrx_word' id='word_1_4' title='bbox 962 860 1217 915; x_wconf 76' lang='lat' dir='ltr'>EPISTULARUM</span> 
     </span>
    </p>
   </div>
   <div class='ocr_carea' id='block_1_2' title="bbox 284 1032 1427 1519">
    <p class='ocr_par' dir='ltr' id='par_1_2' title="bbox 284 1032 1427 1519">
     <span class='ocr_line' id='line_1_2' title="bbox 290 1032 1426 1115; baseline -0.003 -19"><span class='ocrx_word' id='word_1_5' title='bbox 290 1039 321 1098; x_wconf 88' lang='lat' dir='ltr'><strong>et</strong></span> <span class='ocrx_word' id='word_1_6' title='bbox 345 1034 498 1098; x_wconf 87' lang='lat' dir='ltr'><strong>concubia</strong></span> <span class='ocrx_word' id='word_1_7' title='bbox 520 1038 625 1115; x_wconf 87' lang='lat' dir='ltr'><strong>nocte,</strong></span> <span class='ocrx_word' id='word_1_8' title='bbox 650 1041 721 1097; x_wconf 83' lang='lat' dir='ltr'><strong>dum</strong></span> <span class='ocrx_word' id='word_1_9' title='bbox 743 1055 775 1097; x_wconf 83' lang='lat' dir='ltr'><strong>sc</strong></span> <span class='ocrx_word' id='word_1_10' title='bbox 798 1040 975 1112; x_wconf 73' lang='lat' dir='ltr'><strong>intempesta</strong></span> <span class='ocrx_word' id='word_1_11' title='bbox 997 1054 1070 1114; x_wconf 79' lang='lat' dir='ltr'><strong>noa,</strong></span> <span class='ocrx_word' id='word_1_12' title='bbox 1094 1035 1129 1094; x_wconf 92' lang='lat' dir='ltr'><strong>ut</strong></span> <span class='ocrx_word' id='word_1_13' title='bbox 1153 1033 1198 1094; x_wconf 87' lang='lat' dir='ltr'><strong>ait</strong></span> <span class='ocrx_word' id='word_1_14' title='bbox 1220 1033 1264 1094; x_wconf 88' lang='lat' dir='ltr'><strong>M.</strong></span> <span class='ocrx_word' id='word_1_15' title='bbox 1277 1032 1426 1111; x_wconf 88' lang='lat' dir='ltr'><strong>Porcius,</strong></span> 
     </span>
     <span class='ocr_line' id='line_1_3' title="bbox 284 1132 1425 1216; baseline -0.003 -19"><span class='ocrx_word' id='word_1_16' title='bbox 284 1142 487 1214; x_wconf 76' lang='lat' dir='ltr'><strong>praecipitat,</strong></span> <span class='ocrx_word' id='word_1_17' title='bbox 518 1134 741 1197; x_wconf 88' lang='lat' dir='ltr'><strong>eodemmodo</strong></span> <span class='ocrx_word' id='word_1_18' title='bbox 763 1137 956 1216; x_wconf 85' lang='lat' dir='ltr'><strong>perseverat.</strong></span> <span class='ocrx_word' id='word_1_19' title='bbox 1003 1132 1064 1197; x_wconf 78' lang='lat' dir='ltr'><strong>Sed</strong></span> <span class='ocrx_word' id='word_1_20' title='bbox 1087 1133 1162 1215; x_wconf 92' lang='lat' dir='ltr'><strong>quid</strong></span> <span class='ocrx_word' id='word_1_21' title='bbox 1184 1154 1258 1215; x_wconf 82' lang='lat' dir='ltr'><strong>ego,</strong></span> <span class='ocrx_word' id='word_1_22' title='bbox 1283 1134 1337 1214; x_wconf 90' lang='lat' dir='ltr'><strong>qui</strong></span> <span class='ocrx_word' id='word_1_23' title='bbox 1358 1135 1425 1195; x_wconf 86' lang='lat' dir='ltr'><strong>mc¹</strong></span> 
     </span>
     <span class='ocr_line' id='line_1_4' title="bbox 288 1233 1427 1318; baseline -0.003 -21"><span class='ocrx_word' id='word_1_24' title='bbox 288 1235 423 1317; x_wconf 88' lang='lat' dir='ltr'><strong>paucula</strong></span> <span class='ocrx_word' id='word_1_25' title='bbox 455 1237 647 1318; x_wconf 86' lang='lat' dir='ltr'><strong>scripturum</strong></span> <span class='ocrx_word' id='word_1_26' title='bbox 676 1236 822 1317; x_wconf 81' lang='lat' dir='ltr'>promisi,</span> <span class='ocrx_word' id='word_1_27' title='bbox 859 1233 1092 1298; x_wconf 73' lang='grc'><strong>11111111111111112</strong></span> <span class='ocrx_word' id='word_1_28' title='bbox 1124 1234 1327 1297; x_wconf 80' lang='lat' dir='ltr'><strong>masuriana³</strong></span> <span class='ocrx_word' id='word_1_29' title='bbox 1354 1255 1427 1296; x_wconf 89' lang='lat' dir='ltr'><strong>con-</strong></span> 
     </span>
     <span class='ocr_line' id='line_1_5' title="bbox 288 1334 1424 1420; baseline 0.001 -24"><span class='ocrx_word' id='word_1_30' title='bbox 288 1336 388 1418; x_wconf 79' lang='lat' dir='ltr'><strong>gero?</strong></span> <span class='ocrx_word' id='word_1_31' title='bbox 414 1337 519 1419; x_wconf 77' lang='lat' dir='ltr'>Igitur</span> <span class='ocrx_word' id='word_1_32' title='bbox 541 1337 621 1418; x_wconf 85' lang='lat' dir='ltr'><strong>vale,</strong></span> <span class='ocrx_word' id='word_1_33' title='bbox 645 1337 799 1420; x_wconf 84' lang='lat' dir='ltr'><strong>magister</strong></span> <span class='ocrx_word' id='word_1_34' title='bbox 820 1336 1062 1420; x_wconf 79' lang='lat' dir='ltr'><strong>benignissime,</strong></span> <span class='ocrx_word' id='word_1_35' title='bbox 1087 1334 1197 1398; x_wconf 88' lang='lat' dir='ltr'><strong>consul</strong></span> <span class='ocrx_word' id='word_1_36' title='bbox 1220 1335 1424 1417; x_wconf 81' lang='lat' dir='ltr'><strong>amplissime,</strong></span> 
     </span>
     <span class='ocr_line' id='line_1_6' title="bbox 288 1437 1004 1519; baseline 0 -21"><span class='ocrx_word' id='word_1_37' title='bbox 288 1438 320 1498; x_wconf 91' lang='lat' dir='ltr'><strong>et</strong></span> <span class='ocrx_word' id='word_1_38' title='bbox 342 1459 395 1516; x_wconf 63' lang='lat' dir='ltr'><strong>me</strong></span> <span class='ocrx_word' id='word_1_39' title='bbox 415 1440 570 1519; x_wconf 89' lang='lat' dir='ltr'><strong>quantum</strong></span> <span class='ocrx_word' id='word_1_40' title='bbox 593 1459 680 1500; x_wconf 88' lang='lat' dir='ltr'><strong>amas</strong></span> <span class='ocrx_word' id='word_1_41' title='bbox 702 1440 830 1499; x_wconf 88' lang='lat' dir='ltr'><strong>tantum</strong></span> <span class='ocrx_word' id='word_1_42' title='bbox 852 1437 1004 1499; x_wconf 88' lang='lat' dir='ltr'><strong>desidera.</strong></span> 
     </span>
    </p>
   </div>
   <div class='ocr_carea' id='block_1_3' title="bbox 594 1687 1111 1756">
    <p class='ocr_par' dir='ltr' id='par_1_3' title="bbox 594 1687 1111 1756">
     <span class='ocr_line' id='line_1_7' title="bbox 594 1687 1111 1756; baseline -0.006 0"><span class='ocrx_word' id='word_1_43' title='bbox 594 1690 676 1756; x_wconf 85' lang='lat' dir='ltr'><strong>vn.</strong></span> <span class='ocrx_word' id='word_1_44' title='bbox 708 1690 851 1756; x_wconf 77' lang='lat' dir='ltr'><strong>Caesari</strong></span> <span class='ocrx_word' id='word_1_45' title='bbox 875 1687 947 1755; x_wconf 85' lang='lat' dir='ltr'><strong>Suo</strong></span> <span class='ocrx_word' id='word_1_46' title='bbox 971 1689 1111 1755; x_wconf 78' lang='lat' dir='ltr'><strong>consul.</strong></span> 
     </span>
    </p>
   </div>
   <div class='ocr_carea' id='block_1_4' title="bbox 286 1838 1426 2329">
    <p class='ocr_par' dir='ltr' id='par_1_4' title="bbox 286 1838 1426 2329">
     <span class='ocr_line' id='line_1_8' title="bbox 371 1838 1426 1925; baseline 0 -20"><span class='ocrx_word' id='word_1_47' title='bbox 371 1843 478 1905; x_wconf 92' lang='lat' dir='ltr'><strong>Meum</strong></span> <span class='ocrx_word' id='word_1_48' title='bbox 499 1843 633 1905; x_wconf 88' lang='lat' dir='ltr'><strong>fratrem</strong></span> <span class='ocrx_word' id='word_1_49' title='bbox 648 1838 793 1925; x_wconf 87' lang='lat' dir='ltr'><strong>beatum,</strong></span> <span class='ocrx_word' id='word_1_50' title='bbox 818 1843 872 1925; x_wconf 91' lang='lat' dir='ltr'><strong>qui</strong></span> <span class='ocrx_word' id='word_1_51' title='bbox 893 1864 949 1906; x_wconf 86' lang='lat' dir='ltr'><strong>vos</strong></span> <span class='ocrx_word' id='word_1_52' title='bbox 971 1843 1006 1905; x_wconf 91' lang='lat' dir='ltr'><strong>in</strong></span> <span class='ocrx_word' id='word_1_53' title='bbox 1028 1843 1090 1904; x_wconf 89' lang='lat' dir='ltr'><strong>isto</strong></span> <span class='ocrx_word' id='word_1_54' title='bbox 1105 1841 1201 1904; x_wconf 90' lang='lat' dir='ltr'><strong>biduo</strong></span> <span class='ocrx_word' id='word_1_55' title='bbox 1224 1843 1356 1906; x_wconf 78' lang='lat' dir='ltr'><strong>viderit!</strong></span> <span class='ocrx_word' id='word_1_56' title='bbox 1380 1845 1426 1905; x_wconf 87' lang='lat' dir='ltr'><strong>At</strong></span> 
     </span>
     <span class='ocr_line' id='line_1_9' title="bbox 288 1942 1423 2028; baseline 0 -22"><span class='ocrx_word' id='word_1_57' title='bbox 288 1965 347 2027; x_wconf 86' lang='lat' dir='ltr'><strong>ego</strong></span> <span class='ocrx_word' id='word_1_58' title='bbox 369 1943 490 2006; x_wconf 82' lang='lat' dir='ltr'><strong>Romae</strong></span> <span class='ocrx_word' id='word_1_59' title='bbox 512 1942 607 2006; x_wconf 90' lang='lat' dir='ltr'><strong>hereo</strong></span> <span class='ocrx_word' id='word_1_60' title='bbox 637 1944 831 2028; x_wconf 80' lang='lat' dir='ltr'><strong>conpedibus</strong></span> <span class='ocrx_word' id='word_1_61' title='bbox 854 1944 957 2006; x_wconf 90' lang='lat' dir='ltr'><strong>aureis</strong></span> <span class='ocrx_word' id='word_1_62' title='bbox 979 1943 1122 2006; x_wconf 89' lang='lat' dir='ltr'><strong>vinctus:</strong></span> <span class='ocrx_word' id='word_1_63' title='bbox 1150 1965 1211 2006; x_wconf 90' lang='lat' dir='ltr'><strong>nec</strong></span> <span class='ocrx_word' id='word_1_64' title='bbox 1239 1944 1332 2007; x_wconf 87' lang='lat' dir='ltr'><strong>aliter</strong></span> <span class='ocrx_word' id='word_1_65' title='bbox 1359 1944 1423 2006; x_wconf 90' lang='lat' dir='ltr'><strong>kal.</strong></span> 
     </span>
     <span class='ocr_line' id='line_1_10' title="bbox 287 2044 1426 2128; baseline -0.001 -22"><span class='ocrx_word' id='word_1_66' title='bbox 287 2047 367 2126; x_wconf 90' lang='lat' dir='ltr'><strong>sept.</strong></span> <span class='ocrx_word' id='word_1_67' title='bbox 393 2047 540 2127; x_wconf 85' lang='lat' dir='ltr'><strong>expecto,</strong></span> <span class='ocrx_word' id='word_1_68' title='bbox 571 2067 665 2128; x_wconf 88' lang='lat' dir='ltr'><strong>quam</strong></span> <span class='ocrx_word' id='word_1_69' title='bbox 688 2044 900 2126; x_wconf 70' lang='lat' dir='ltr'><strong>superstitiosi</strong></span> <span class='ocrx_word' id='word_1_70' title='bbox 923 2044 1064 2127; x_wconf 84' lang='lat' dir='ltr'><strong>stellam,</strong></span> <span class='ocrx_word' id='word_1_71' title='bbox 1099 2067 1160 2127; x_wconf 89' lang='lat' dir='ltr'><strong>qua</strong></span> <span class='ocrx_word' id='word_1_72' title='bbox 1183 2045 1250 2108; x_wconf 90' lang='lat' dir='ltr'><strong>visa</strong></span> <span class='ocrx_word' id='word_1_73' title='bbox 1272 2045 1426 2107; x_wconf 87' lang='lat' dir='ltr'><strong>ieiunium</strong></span> 
     </span>
     <span class='ocr_line' id='line_1_11' title="bbox 286 2144 1422 2228; baseline 0 -21"><span class='ocrx_word' id='word_1_74' title='bbox 286 2146 479 2228; x_wconf 73' lang='lat' dir='ltr'><strong>polluant⁴³.</strong></span> <span class='ocrx_word' id='word_1_75' title='bbox 526 2145 606 2208; x_wconf 89' lang='lat' dir='ltr'><strong>Vale</strong></span> <span class='ocrx_word' id='word_1_76' title='bbox 629 2144 755 2227; x_wconf 85' lang='lat' dir='ltr'><strong>Gaesar,</strong></span> <span class='ocrx_word' id='word_1_77' title='bbox 786 2145 881 2208; x_wconf 87' lang='lat' dir='ltr'><strong>decus</strong></span> <span class='ocrx_word' id='word_1_78' title='bbox 909 2146 1032 2228; x_wconf 75' lang='lat' dir='ltr'><strong>patriae</strong></span> <span class='ocrx_word' id='word_1_79' title='bbox 1060 2148 1092 2207; x_wconf 88' lang='lat' dir='ltr'><strong>et</strong></span> <span class='ocrx_word' id='word_1_80' title='bbox 1120 2146 1244 2208; x_wconf 90' lang='lat' dir='ltr'><strong>romani</strong></span> <span class='ocrx_word' id='word_1_81' title='bbox 1272 2147 1422 2209; x_wconf 86' lang='lat' dir='ltr'><strong>nominis.</strong></span> 
     </span>
     <span class='ocr_line' id='line_1_12' title="bbox 286 2245 605 2329; baseline 0 -19"><span class='ocrx_word' id='word_1_82' title='bbox 286 2245 376 2329; x_wconf 86' lang='lat' dir='ltr'><strong>Vale,</strong></span> <span class='ocrx_word' id='word_1_83' title='bbox 401 2246 547 2309; x_wconf 89' lang='lat' dir='ltr'><strong>Domine.</strong></span> <span class='ocrx_word' id='word_1_84' title='bbox 593 2269 605 2278; x_wconf 89' lang='lat'><strong>·</strong></span> 
     </span>
    </p>
   </div>
   <div class='ocr_carea' id='block_1_5' title="bbox 661 2439 1056 2515">
    <p class='ocr_par' dir='ltr' id='par_1_5' title="bbox 661 2439 1056 2515">
     <span class='ocr_line' id='line_1_13' title="bbox 661 2439 1056 2515; baseline 0 -1"><span class='ocrx_word' id='word_1_85' title='bbox 661 2439 765 2514; x_wconf 79' lang='lat' dir='ltr'><strong>VIII.¹</strong></span> <span class='ocrx_word' id='word_1_86' title='bbox 795 2449 946 2515; x_wconf 81' lang='lat' dir='ltr'><strong>Borrine</strong></span> <span class='ocrx_word' id='word_1_87' title='bbox 969 2448 1056 2514; x_wconf 89' lang='lat' dir='ltr'><strong>Meo.</strong></span> 
     </span>
    </p>
   </div>
   <div class='ocr_carea' id='block_1_6' title="bbox 283 2582 1478 3374">
    <p class='ocr_par' dir='ltr' id='par_1_6' title="bbox 283 2582 1478 3374">
     <span class='ocr_line' id='line_1_14' title="bbox 370 2582 1425 2668; baseline 0.002 -21"><span class='ocrx_word' id='word_1_88' title='bbox 370 2585 393 2668; x_wconf 57' lang='lat' dir='ltr'><strong>a,</strong></span> <span class='ocrx_word' id='word_1_89' title='bbox 409 2583 554 2647; x_wconf 83' lang='lat' dir='ltr'><strong>Gratiam</strong></span> <span class='ocrx_word' id='word_1_90' title='bbox 575 2606 679 2646; x_wconf 91' lang='lat' dir='ltr'><strong>meam</strong></span> <span class='ocrx_word' id='word_1_91' title='bbox 694 2584 767 2647; x_wconf 90' lang='lat' dir='ltr'><strong>misi</strong></span> <span class='ocrx_word' id='word_1_92' title='bbox 790 2584 830 2646; x_wconf 89' lang='lat' dir='ltr'><strong>ad</strong></span> <span class='ocrx_word' id='word_1_93' title='bbox 852 2585 936 2647; x_wconf 91' lang='lat' dir='ltr'><strong>diem</strong></span> <span class='ocrx_word' id='word_1_94' title='bbox 957 2582 1099 2646; x_wconf 91' lang='lat' dir='ltr'><strong>natalem</strong></span> <span class='ocrx_word' id='word_1_95' title='bbox 1120 2585 1232 2647; x_wconf 88' lang='lat' dir='ltr'><strong>matris</strong></span> <span class='ocrx_word' id='word_1_96' title='bbox 1254 2589 1328 2648; x_wconf 86' lang='lat' dir='ltr'><strong>tuae</strong></span> <span class='ocrx_word' id='word_1_97' title='bbox 1346 2587 1425 2649; x_wconf 87' lang='lat' dir='ltr'><strong>cele·</strong></span> 
     </span>
     <span class='ocr_line' id='line_1_15' title="bbox 285 2684 1422 2770; baseline 0.004 -24"><span class='ocrx_word' id='word_1_98' title='bbox 285 2684 441 2746; x_wconf 89' lang='lat' dir='ltr'><strong>brandum</strong></span> <span class='ocrx_word' id='word_1_99' title='bbox 458 2684 548 2766; x_wconf 89' lang='lat' dir='ltr'><strong>eique</strong></span> <span class='ocrx_word' id='word_1_100' title='bbox 559 2685 718 2768; x_wconf 87' lang='lat' dir='ltr'><strong>praecepi,</strong></span> <span class='ocrx_word' id='word_1_101' title='bbox 739 2687 775 2746; x_wconf 94' lang='lat' dir='ltr'><strong>ut</strong></span> <span class='ocrx_word' id='word_1_102' title='bbox 791 2685 865 2749; x_wconf 91' lang='lat' dir='ltr'><strong>istic</strong></span> <span class='ocrx_word' id='word_1_103' title='bbox 877 2684 1065 2748; x_wconf 87' lang='lat' dir='ltr'><strong>subsisteret</strong></span> <span class='ocrx_word' id='word_1_104' title='bbox 1082 2687 1185 2768; x_wconf 89' lang='lat' dir='ltr'><strong>quoad</strong></span> <span class='ocrx_word' id='word_1_105' title='bbox 1197 2707 1257 2770; x_wconf 83' lang='lat' dir='ltr'><strong>ego</strong></span> <span class='ocrx_word' id='word_1_106' title='bbox 1270 2687 1422 2750; x_wconf 89' lang='lat' dir='ltr'><strong>venirem.</strong></span> 
     </span>
     <span class='ocr_line' id='line_1_16' title="bbox 284 2784 1423 2870; baseline 0.004 -23"><span class='ocrx_word' id='word_1_107' title='bbox 284 2784 406 2847; x_wconf 82' lang='lat' dir='ltr'><strong>Eodem</strong></span> <span class='ocrx_word' id='word_1_108' title='bbox 428 2788 535 2848; x_wconf 90' lang='lat' dir='ltr'><strong>autem</strong></span> <span class='ocrx_word' id='word_1_109' title='bbox 557 2789 734 2868; x_wconf 84' lang='lat' dir='ltr'><strong>momenta,</strong></span> <span class='ocrx_word' id='word_1_110' title='bbox 765 2807 827 2870; x_wconf 94' lang='lat' dir='ltr'><strong>quo</strong></span> <span class='ocrx_word' id='word_1_111' title='bbox 856 2786 1055 2849; x_wconf 89' lang='lat' dir='ltr'><strong>consulatum</strong></span> <span class='ocrx_word' id='word_1_112' title='bbox 1082 2787 1273 2870; x_wconf 70' lang='lat' dir='ltr'><strong>eiuravcroi,</strong></span> <span class='ocrx_word' id='word_1_113' title='bbox 1297 2787 1423 2851; x_wconf 87' lang='lat' dir='ltr'><strong>vehicu-</strong></span> 
     </span>
     <span class='ocr_line' id='line_1_17' title="bbox 284 2886 1423 2970; baseline 0.005 -24"><span class='ocrx_word' id='word_1_114' title='bbox 284 2886 349 2947; x_wconf 91' lang='lat' dir='ltr'><strong>lum</strong></span> <span class='ocrx_word' id='word_1_115' title='bbox 372 2888 584 2950; x_wconf 90' lang='lat' dir='ltr'><strong>conscendam</strong></span> <span class='ocrx_word' id='word_1_116' title='bbox 606 2889 639 2949; x_wconf 95' lang='lat' dir='ltr'><strong>et</strong></span> <span class='ocrx_word' id='word_1_117' title='bbox 661 2886 700 2948; x_wconf 92' lang='lat' dir='ltr'><strong>ad</strong></span> <span class='ocrx_word' id='word_1_118' title='bbox 722 2902 778 2950; x_wconf 82' lang='lat' dir='ltr'><strong>ros</strong></span> <span class='ocrx_word' id='word_1_119' title='bbox 800 2886 982 2970; x_wconf 88' lang='lat' dir='ltr'><strong>pervolabo.</strong></span> <span class='ocrx_word' id='word_1_120' title='bbox 1017 2887 1152 2951; x_wconf 75' lang='lat' dir='ltr'><strong>interim</strong></span> <span class='ocrx_word' id='word_1_121' title='bbox 1175 2888 1305 2952; x_wconf 81' lang='lat' dir='ltr'><strong>Gratiae</strong></span> <span class='ocrx_word' id='word_1_122' title='bbox 1333 2911 1423 2952; x_wconf 91' lang='lat' dir='ltr'><strong>meae</strong></span> 
     </span>
     <span class='ocr_line' id='line_1_18' title="bbox 284 2987 1423 3073; baseline 0.004 -24"><span class='ocrx_word' id='word_1_123' title='bbox 284 2987 407 3051; x_wconf 91' lang='lat' dir='ltr'><strong>nullum</strong></span> <span class='ocrx_word' id='word_1_124' title='bbox 429 3010 447 3051; x_wconf 92' lang='lat' dir='ltr'><strong>a</strong></span> <span class='ocrx_word' id='word_1_125' title='bbox 469 2988 553 3052; x_wconf 90' lang='lat' dir='ltr'><strong>fame</strong></span> <span class='ocrx_word' id='word_1_126' title='bbox 568 2987 744 3072; x_wconf 89' lang='lat' dir='ltr'><strong>periculum</strong></span> <span class='ocrx_word' id='word_1_127' title='bbox 766 2988 835 3052; x_wconf 90' lang='lat' dir='ltr'><strong>fore</strong></span> <span class='ocrx_word' id='word_1_128' title='bbox 856 2989 919 3068; x_wconf 86' lang='lat' dir='ltr'><strong>fide¹</strong></span> <span class='ocrx_word' id='word_1_129' title='bbox 933 3010 1005 3052; x_wconf 83' lang='lat' dir='ltr'><strong>mea</strong></span> <span class='ocrx_word' id='word_1_130' title='bbox 1027 2989 1195 3073; x_wconf 88' lang='lat' dir='ltr'><strong>spopondi:</strong></span> <span class='ocrx_word' id='word_1_131' title='bbox 1218 2994 1322 3054; x_wconf 89' lang='lat' dir='ltr'><strong>mater</strong></span> <span class='ocrx_word' id='word_1_132' title='bbox 1337 2992 1423 3054; x_wconf 90' lang='lat' dir='ltr'><strong>enim</strong></span> 
     </span>
     <span class='ocr_line' id='line_1_19' title="bbox 283 3090 1478 3173; baseline 0.005 -23"><span class='ocrx_word' id='word_1_133' title='bbox 283 3091 339 3151; x_wconf 86' lang='lat' dir='ltr'><strong>tua</strong></span> <span class='ocrx_word' id='word_1_134' title='bbox 366 3090 539 3173; x_wconf 88' lang='lat' dir='ltr'><strong>particulas</strong></span> <span class='ocrx_word' id='word_1_135' title='bbox 575 3112 593 3152; x_wconf 91' lang='lat' dir='ltr'><strong>a</strong></span> <span class='ocrx_word' id='word_1_136' title='bbox 621 3093 653 3152; x_wconf 90' lang='lat' dir='ltr'><strong>te</strong></span> <span class='ocrx_word' id='word_1_137' title='bbox 681 3090 743 3153; x_wconf 85' lang='lat' dir='ltr'><strong>sibi</strong></span> <span class='ocrx_word' id='word_1_138' title='bbox 764 3091 878 3153; x_wconf 89' lang='lat' dir='ltr'><strong>missas</strong></span> <span class='ocrx_word' id='word_1_139' title='bbox 913 3112 984 3153; x_wconf 90' lang='lat' dir='ltr'><strong>cum</strong></span> <span class='ocrx_word' id='word_1_140' title='bbox 1019 3090 1136 3153; x_wconf 80' lang='lat' dir='ltr'><strong>clienta</strong></span> <span class='ocrx_word' id='word_1_141' title='bbox 1164 3093 1420 3160; x_wconf 80' lang='lat' dir='ltr'><strong>communicabit.</strong></span> <span class='ocrx_word' id='word_1_142' title='bbox 1476 3108 1478 3130; x_wconf 74' lang='lat'>³</span> 
     </span>
     <span class='ocr_line' id='line_1_20' title="bbox 283 3189 1421 3276; baseline 0.002 -23"><span class='ocrx_word' id='word_1_143' title='bbox 283 3189 395 3273; x_wconf 90' lang='lat' dir='ltr'><strong>Neque</strong></span> <span class='ocrx_word' id='word_1_144' title='bbox 428 3194 476 3254; x_wconf 89' lang='lat' dir='ltr'><strong>est</strong></span> <span class='ocrx_word' id='word_1_145' title='bbox 510 3191 622 3255; x_wconf 82' lang='lat' dir='ltr'><strong>Gratia</strong></span> <span class='ocrx_word' id='word_1_146' title='bbox 658 3212 729 3253; x_wconf 90' lang='lat' dir='ltr'><strong>mea</strong></span> <span class='ocrx_word' id='word_1_147' title='bbox 741 3241 750 3273; x_wconf 92' lang='lat'><strong>,</strong></span> <span class='ocrx_word' id='word_1_148' title='bbox 785 3194 822 3253; x_wconf 96' lang='lat' dir='ltr'><strong>ut</strong></span> <span class='ocrx_word' id='word_1_149' title='bbox 855 3191 1084 3255; x_wconf 86' lang='lat' dir='ltr'><strong>causidicorum</strong></span> <span class='ocrx_word' id='word_1_150' title='bbox 1117 3213 1230 3255; x_wconf 88' lang='lat' dir='ltr'><strong>uxores</strong></span> <span class='ocrx_word' id='word_1_151' title='bbox 1263 3192 1421 3276; x_wconf 87' lang='lat' dir='ltr'><strong>feruntur,</strong></span> 
     </span>
     <span class='ocr_line' id='line_1_21' title="bbox 283 3291 1422 3374; baseline 0.002 -20"><span class='ocrx_word' id='word_1_152' title='bbox 283 3292 375 3354; x_wconf 89' lang='lat' dir='ltr'><strong>multi</strong></span> <span class='ocrx_word' id='word_1_153' title='bbox 399 3292 475 3374; x_wconf 73' lang='lat' dir='ltr'><strong>cibi,</strong></span> <span class='ocrx_word' id='word_1_154' title='bbox 503 3293 554 3355; x_wconf 80' lang='lat' dir='ltr'><strong>vel</strong></span> <span class='ocrx_word' id='word_1_155' title='bbox 582 3291 698 3354; x_wconf 87' lang='lat' dir='ltr'><strong>osculis</strong></span> <span class='ocrx_word' id='word_1_156' title='bbox 727 3292 819 3355; x_wconf 84' lang='lat' dir='ltr'><strong>solis⁷</strong></span> <span class='ocrx_word' id='word_1_157' title='bbox 853 3293 966 3354; x_wconf 86' lang='lat' dir='ltr'><strong>matris</strong></span> <span class='ocrx_word' id='word_1_158' title='bbox 994 3295 1068 3355; x_wconf 90' lang='lat' dir='ltr'><strong>tuae</strong></span> <span class='ocrx_word' id='word_1_159' title='bbox 1096 3296 1247 3356; x_wconf 90' lang='lat' dir='ltr'><strong>contenta</strong></span> <span class='ocrx_word' id='word_1_160' title='bbox 1274 3294 1422 3358; x_wconf 82' lang='grc'><strong>1111111.8</strong></span> 
     </span>
    </p>
   </div>
   <div class='ocr_carea' id='block_1_7' title="bbox 367 3493 1419 3565">
    <p class='ocr_par' dir='ltr' id='par_1_7' title="bbox 367 3493 1419 3565">
     <span class='ocr_line' id='line_1_22' title="bbox 367 3493 1419 3565; baseline 0.003 -18"><span class='ocrx_word' id='word_1_161' title='bbox 367 3511 384 3547; x_wconf 90' lang='lat' dir='ltr'><strong>a</strong></span> <span class='ocrx_word' id='word_1_162' title='bbox 401 3499 434 3547; x_wconf 83' lang='lat' dir='ltr'><strong>la</strong></span> <span class='ocrx_word' id='word_1_163' title='bbox 452 3500 575 3562; x_wconf 71' lang='lat' dir='ltr'><strong>marpine:</strong></span> <span class='ocrx_word' id='word_1_164' title='bbox 594 3494 700 3547; x_wconf 85' lang='lat' dir='ltr'><strong>Romae</strong></span> <span class='ocrx_word' id='word_1_165' title='bbox 717 3494 742 3546; x_wconf 94' lang='lat' dir='ltr'><strong>h.</strong></span> <span class='ocrx_word' id='word_1_166' title='bbox 758 3510 780 3547; x_wconf 88' lang='lat' dir='ltr'><strong>c.</strong></span> <span class='ocrx_word' id='word_1_167' title='bbox 795 3510 818 3547; x_wconf 88' lang='lat' dir='ltr'><strong>a.</strong></span> <span class='ocrx_word' id='word_1_168' title='bbox 835 3512 859 3547; x_wconf 89' lang='lat' dir='ltr'><strong>u.</strong></span> <span class='ocrx_word' id='word_1_169' title='bbox 878 3511 930 3547; x_wconf 89' lang='lat' dir='ltr'><strong>nec</strong></span> <span class='ocrx_word' id='word_1_170' title='bbox 941 3493 1067 3547; x_wconf 86' lang='lat' dir='ltr'><strong>kalendis</strong></span> <span class='ocrx_word' id='word_1_171' title='bbox 1085 3495 1166 3548; x_wconf 87' lang='lat' dir='ltr'><strong>aliter</strong></span> <span class='ocrx_word' id='word_1_172' title='bbox 1184 3511 1246 3563; x_wconf 87' lang='lat' dir='ltr'><strong>exp.</strong></span> <span class='ocrx_word' id='word_1_173' title='bbox 1260 3526 1292 3533; x_wconf 92' lang='lat'>—</span> <span class='ocrx_word' id='word_1_174' title='bbox 1304 3497 1419 3565; x_wconf 85' lang='lat' dir='ltr'><strong>poliunt.</strong></span> 
     </span>
    </p>
   </div>
   <div class='ocr_carea' id='block_1_8' title="bbox 277 3713 1420 4963">
    <p class='ocr_par' dir='ltr' id='par_1_8' title="bbox 368 3713 603 3783">
     <span class='ocr_line' id='line_1_23' title="bbox 368 3713 603 3783; baseline -0.013 -15"><span class='ocrx_word' id='word_1_175' title='bbox 368 3722 380 3768; x_wconf 93' lang='grc'><strong>1</strong></span> <span class='ocrx_word' id='word_1_176' title='bbox 400 3713 479 3767; x_wconf 83' lang='lat' dir='ltr'><strong>God.:</strong></span> <span class='ocrx_word' id='word_1_177' title='bbox 497 3734 535 3767; x_wconf 85' lang='lat' dir='ltr'><strong>me</strong></span> <span class='ocrx_word' id='word_1_178' title='bbox 553 3719 603 3783; x_wconf 81' lang='lat' dir='ltr'><strong>qai.</strong></span> 
     </span>
    </p>

    <p class='ocr_par' dir='ltr' id='par_1_9' title="bbox 366 3797 559 3852">
     <span class='ocr_line' id='line_1_24' title="bbox 366 3797 559 3852; baseline -0.01 0"><span class='ocrx_word' id='word_1_179' title='bbox 366 3797 559 3852; x_wconf 75' lang='grc'><strong>2111011111.</strong></span> 
     </span>
    </p>

    <p class='ocr_par' dir='ltr' id='par_1_10' title="bbox 279 3882 1420 4275">
     <span class='ocr_line' id='line_1_25' title="bbox 365 3882 1420 3953; baseline 0.002 -16"><span class='ocrx_word' id='word_1_180' title='bbox 365 3891 381 3937; x_wconf 85' lang='grc'><strong>3</strong></span> <span class='ocrx_word' id='word_1_181' title='bbox 397 3882 534 3936; x_wconf 87' lang='lat' dir='ltr'><strong>Masurius</strong></span> <span class='ocrx_word' id='word_1_182' title='bbox 552 3882 689 3936; x_wconf 87' lang='lat' dir='ltr'><strong>celebrem</strong></span> <span class='ocrx_word' id='word_1_183' title='bbox 708 3882 742 3936; x_wconf 92' lang='lat' dir='ltr'><strong>de</strong></span> <span class='ocrx_word' id='word_1_184' title='bbox 760 3882 819 3936; x_wconf 86' lang='lat' dir='ltr'><strong>iure</strong></span> <span class='ocrx_word' id='word_1_185' title='bbox 843 3882 916 3937; x_wconf 87' lang='lat' dir='ltr'><strong>civili</strong></span> <span class='ocrx_word' id='word_1_186' title='bbox 938 3882 1040 3936; x_wconf 88' lang='lat' dir='ltr'><strong>librum</strong></span> <span class='ocrx_word' id='word_1_187' title='bbox 1062 3884 1184 3953; x_wconf 86' lang='lat' dir='ltr'><strong>scripsit,</strong></span> <span class='ocrx_word' id='word_1_188' title='bbox 1211 3902 1293 3953; x_wconf 86' lang='lat' dir='ltr'><strong>quem</strong></span> <span class='ocrx_word' id='word_1_189' title='bbox 1311 3886 1420 3939; x_wconf 85' lang='lat' dir='ltr'><strong>Persius</strong></span> 
     </span>
     <span class='ocr_line' id='line_1_26' title="bbox 280 3967 1420 4036; baseline 0.002 -14"><span class='ocrx_word' id='word_1_190' title='bbox 280 3969 313 4022; x_wconf 89' lang='lat' dir='ltr'><strong>V.</strong></span> <span class='ocrx_word' id='word_1_191' title='bbox 326 3976 359 4022; x_wconf 84' lang='lat'><strong>90</strong></span> <span class='ocrx_word' id='word_1_192' title='bbox 376 3972 502 4021; x_wconf 70' lang='lat' dir='ltr'><strong>rubricam</strong></span> <span class='ocrx_word' id='word_1_193' title='bbox 519 3967 651 4035; x_wconf 90' lang='lat' dir='ltr'><strong>appellat.</strong></span> <span class='ocrx_word' id='word_1_194' title='bbox 690 3972 823 4021; x_wconf 83' lang='lat' dir='ltr'><strong>Rubricam</strong></span> <span class='ocrx_word' id='word_1_195' title='bbox 841 3970 934 4020; x_wconf 90' lang='lat' dir='ltr'><strong>autem</strong></span> <span class='ocrx_word' id='word_1_196' title='bbox 952 3968 983 4019; x_wconf 88' lang='lat' dir='ltr'><strong>ut</strong></span> <span class='ocrx_word' id='word_1_197' title='bbox 1000 3969 1144 4036; x_wconf 87' lang='lat' dir='ltr'><strong>vulgarem</strong></span> <span class='ocrx_word' id='word_1_198' title='bbox 1156 3968 1307 4036; x_wconf 87' lang='lat' dir='ltr'><strong>tritamque</strong></span> <span class='ocrx_word' id='word_1_199' title='bbox 1319 3971 1420 4024; x_wconf 88' lang='lat' dir='ltr'><strong>doctri-</strong></span> 
     </span>
     <span class='ocr_line' id='line_1_27' title="bbox 280 4050 1419 4121; baseline 0.002 -15"><span class='ocrx_word' id='word_1_200' title='bbox 280 4070 346 4106; x_wconf 87' lang='lat' dir='ltr'><strong>nam</strong></span> <span class='ocrx_word' id='word_1_201' title='bbox 364 4050 470 4120; x_wconf 91' lang='lat' dir='ltr'><strong>spernit</strong></span> <span class='ocrx_word' id='word_1_202' title='bbox 488 4051 692 4118; x_wconf 89' lang='lat' dir='ltr'><strong>quodammodo</strong></span> <span class='ocrx_word' id='word_1_203' title='bbox 710 4050 909 4115; x_wconf 76' lang='lat' dir='ltr'><strong>Quinctilianus</strong></span> <span class='ocrx_word' id='word_1_204' title='bbox 925 4052 991 4105; x_wconf 88' lang='lat' dir='ltr'><strong>lnst.</strong></span> <span class='ocrx_word' id='word_1_205' title='bbox 1012 4052 1070 4105; x_wconf 85' lang='lat' dir='ltr'><strong>Xll.</strong></span> <span class='ocrx_word' id='word_1_206' title='bbox 1090 4060 1113 4105; x_wconf 84' lang='lat'><strong>3.</strong></span> <span class='ocrx_word' id='word_1_207' title='bbox 1162 4051 1207 4106; x_wconf 83' lang='lat' dir='ltr'><strong>Sic</strong></span> <span class='ocrx_word' id='word_1_208' title='bbox 1225 4070 1292 4121; x_wconf 83' lang='lat' dir='ltr'><strong>crgo</strong></span> <span class='ocrx_word' id='word_1_209' title='bbox 1310 4055 1419 4109; x_wconf 88' lang='lat' dir='ltr'><strong>Marcus</strong></span> 
     </span>
     <span class='ocr_line' id='line_1_28' title="bbox 279 4135 1420 4205; baseline 0.003 -16"><span class='ocrx_word' id='word_1_210' title='bbox 279 4136 402 4205; x_wconf 88' lang='lat' dir='ltr'><strong>loquitur</strong></span> <span class='ocrx_word' id='word_1_211' title='bbox 424 4136 458 4188; x_wconf 92' lang='lat' dir='ltr'><strong>de</strong></span> <span class='ocrx_word' id='word_1_212' title='bbox 482 4136 649 4203; x_wconf 86' lang='lat' dir='ltr'><strong>quotidianis</strong></span> <span class='ocrx_word' id='word_1_213' title='bbox 672 4136 754 4188; x_wconf 90' lang='lat' dir='ltr'><strong>rebus</strong></span> <span class='ocrx_word' id='word_1_214' title='bbox 777 4140 805 4187; x_wconf 90' lang='lat' dir='ltr'><strong>ot</strong></span> <span class='ocrx_word' id='word_1_215' title='bbox 826 4135 904 4189; x_wconf 88' lang='lat' dir='ltr'><strong>flocci</strong></span> <span class='ocrx_word' id='word_1_216' title='bbox 927 4135 1066 4189; x_wconf 78' lang='lat' dir='ltr'><strong>iaciendis.</strong></span> <span class='ocrx_word' id='word_1_217' title='bbox 1112 4141 1210 4200; x_wconf 79' lang='lat' dir='ltr'><strong>Maius,</strong></span> <span class='ocrx_word' id='word_1_218' title='bbox 1233 4137 1281 4205; x_wconf 87' lang='lat' dir='ltr'><strong>qni</strong></span> <span class='ocrx_word' id='word_1_219' title='bbox 1304 4156 1321 4191; x_wconf 91' lang='lat' dir='ltr'><strong>a</strong></span> <span class='ocrx_word' id='word_1_220' title='bbox 1342 4140 1420 4192; x_wconf 86' lang='lat' dir='ltr'><strong>Butt-</strong></span> 
     </span>
     <span class='ocr_line' id='line_1_29' title="bbox 279 4219 966 4275; baseline -0.001 -2"><span class='ocrx_word' id='word_1_221' title='bbox 279 4238 381 4275; x_wconf 87' lang='lat' dir='ltr'><strong>manno</strong></span> <span class='ocrx_word' id='word_1_222' title='bbox 400 4238 449 4273; x_wconf 89' lang='lat' dir='ltr'><strong>sua</strong></span> <span class='ocrx_word' id='word_1_223' title='bbox 467 4219 610 4273; x_wconf 90' lang='lat' dir='ltr'><strong>derivavit.</strong></span> <span class='ocrx_word' id='word_1_224' title='bbox 963 4238 966 4243; x_wconf 93' lang='lat'><em>·</em></span> 
     </span>
    </p>

    <p class='ocr_par' dir='ltr' id='par_1_11' title="bbox 278 4304 1419 4543">
     <span class='ocr_line' id='line_1_30' title="bbox 362 4304 1419 4381; baseline 0.004 -23"><span class='ocrx_word' id='word_1_225' title='bbox 362 4312 379 4358; x_wconf 90' lang='grc'>4</span> <span class='ocrx_word' id='word_1_226' title='bbox 397 4304 575 4381; x_wconf 59' lang='lat' dir='ltr'><strong>Sohopcnusa</strong></span> <span class='ocrx_word' id='word_1_227' title='bbox 588 4312 693 4359; x_wconf 83' lang='lat' dir='ltr'><strong>solvant.</strong></span> <span class='ocrx_word' id='word_1_228' title='bbox 717 4304 844 4373; x_wconf 87' lang='lat' dir='ltr'><strong>Nigidius</strong></span> <span class='ocrx_word' id='word_1_229' title='bbox 862 4305 938 4373; x_wconf 86' lang='lat' dir='ltr'><strong>apud</strong></span> <span class='ocrx_word' id='word_1_230' title='bbox 955 4305 1090 4358; x_wconf 89' lang='lat' dir='ltr'><strong>Isidorum</strong></span> <span class='ocrx_word' id='word_1_231' title='bbox 1117 4305 1185 4374; x_wconf 87' lang='lat' dir='ltr'><strong>orig.</strong></span> <span class='ocrx_word' id='word_1_232' title='bbox 1199 4306 1257 4360; x_wconf 85' lang='lat' dir='ltr'><strong>XX.</strong></span> <span class='ocrx_word' id='word_1_233' title='bbox 1272 4314 1295 4361; x_wconf 81' lang='lat'><strong>2.</strong></span> <span class='ocrx_word' id='word_1_234' title='bbox 1313 4315 1354 4361; x_wconf 87' lang='lat'><strong>10:</strong></span> <span class='ocrx_word' id='word_1_235' title='bbox 1374 4330 1419 4363; x_wconf 81' lang='lat' dir='ltr'><strong>nos</strong></span> 
     </span>
     <span class='ocr_line' id='line_1_31' title="bbox 278 4390 1419 4457; baseline 0.003 -14"><span class='ocrx_word' id='word_1_236' title='bbox 278 4397 329 4453; x_wconf 76' lang='lat' dir='ltr'><strong>ipsi</strong></span> <span class='ocrx_word' id='word_1_237' title='bbox 345 4397 439 4443; x_wconf 81' lang='lat' dir='ltr'><strong>ieiunia</strong></span> <span class='ocrx_word' id='word_1_238' title='bbox 456 4395 588 4443; x_wconf 76' lang='grc' dir='ltr'><strong>1111111111ῖὶ1</strong></span> <span class='ocrx_word' id='word_1_239' title='bbox 609 4394 702 4443; x_wconf 75' lang='lat' dir='ltr'><strong>[enidos</strong></span> <span class='ocrx_word' id='word_1_240' title='bbox 717 4396 858 4457; x_wconf 81' lang='lat' dir='ltr'><strong>polluimus.</strong></span> <span class='ocrx_word' id='word_1_241' title='bbox 882 4391 984 4444; x_wconf 86' lang='lat' dir='ltr'><strong>Locum</strong></span> <span class='ocrx_word' id='word_1_242' title='bbox 996 4390 1071 4443; x_wconf 86' lang='lat' dir='ltr'><strong>Maio</strong></span> <span class='ocrx_word' id='word_1_243' title='bbox 1089 4390 1186 4443; x_wconf 86' lang='lat' dir='ltr'><strong>debeo.</strong></span> <span class='ocrx_word' id='word_1_244' title='bbox 1214 4390 1315 4445; x_wconf 88' lang='lat' dir='ltr'><strong>Itidem</strong></span> <span class='ocrx_word' id='word_1_245' title='bbox 1328 4392 1419 4446; x_wconf 84' lang='lat' dir='ltr'><strong>videa-</strong></span> 
     </span>
     <span class='ocr_line' id='line_1_32' title="bbox 278 4474 625 4543; baseline 0 -16"><span class='ocrx_word' id='word_1_246' title='bbox 278 4478 324 4527; x_wconf 88' lang='lat' dir='ltr'><strong>tur</strong></span> <span class='ocrx_word' id='word_1_247' title='bbox 342 4476 442 4528; x_wconf 84' lang='lat' dir='ltr'><strong>Athen.</strong></span> <span class='ocrx_word' id='word_1_248' title='bbox 461 4474 507 4528; x_wconf 90' lang='lat' dir='ltr'><strong>lV.</strong></span> <span class='ocrx_word' id='word_1_249' title='bbox 527 4493 554 4543; x_wconf 86' lang='lat' dir='ltr'><strong>p.</strong></span> <span class='ocrx_word' id='word_1_250' title='bbox 570 4480 625 4529; x_wconf 79' lang='lat'>156.</span> 
     </span>
    </p>

    <p class='ocr_par' dir='ltr' id='par_1_12' title="bbox 363 4558 1416 4628">
     <span class='ocr_line' id='line_1_33' title="bbox 363 4558 1416 4628; baseline 0.001 -15"><span class='ocrx_word' id='word_1_251' title='bbox 363 4567 378 4613; x_wconf 80' lang='lat'>5</span> <span class='ocrx_word' id='word_1_252' title='bbox 397 4558 498 4627; x_wconf 85' lang='lat' dir='ltr'><strong>Incipit</strong></span> <span class='ocrx_word' id='word_1_253' title='bbox 516 4558 719 4612; x_wconf 82' lang='lat' dir='ltr'><strong>CodAmbros.</strong></span> <span class='ocrx_word' id='word_1_254' title='bbox 737 4578 764 4628; x_wconf 90' lang='lat' dir='ltr'><strong>p.</strong></span> <span class='ocrx_word' id='word_1_255' title='bbox 774 4565 820 4614; x_wconf 76' lang='lat'><strong>107</strong></span> <span class='ocrx_word' id='word_1_256' title='bbox 845 4570 907 4614; x_wconf 87' lang='lat' dir='ltr'><strong>oum</strong></span> <span class='ocrx_word' id='word_1_257' title='bbox 923 4559 1114 4628; x_wconf 85' lang='lat' dir='ltr'><strong>inscriptione:</strong></span> <span class='ocrx_word' id='word_1_258' title='bbox 1133 4559 1293 4615; x_wconf 86' lang='lat' dir='ltr'>EPISTVL.</span> <span class='ocrx_word' id='word_1_259' title='bbox 1313 4561 1362 4613; x_wconf 89' lang='lat' dir='ltr'><strong>AD</strong></span> <span class='ocrx_word' id='word_1_260' title='bbox 1380 4562 1416 4615; x_wconf 87' lang='lat' dir='ltr'><strong>M.</strong></span> 
     </span>
    </p>

    <p class='ocr_par' dir='ltr' id='par_1_13' title="bbox 277 4642 1418 4794">
     <span class='ocr_line' id='line_1_34' title="bbox 363 4642 1418 4712; baseline 0.003 -16"><span class='ocrx_word' id='word_1_261' title='bbox 363 4650 378 4696; x_wconf 83' lang='grc'>6</span> <span class='ocrx_word' id='word_1_262' title='bbox 396 4642 545 4696; x_wconf 85' lang='lat' dir='ltr'><strong>Herodian.</strong></span> <span class='ocrx_word' id='word_1_263' title='bbox 563 4643 610 4696; x_wconf 92' lang='lat' dir='ltr'><strong>IV.</strong></span> <span class='ocrx_word' id='word_1_264' title='bbox 624 4650 652 4697; x_wconf 81' lang='lat'><strong>3:</strong></span> <span class='ocrx_word' id='word_1_265' title='bbox 676 4644 715 4697; x_wconf 83' lang='grc' dir='ltr'><strong>εἰ(</strong></span> <span class='ocrx_word' id='word_1_266' title='bbox 736 4647 791 4711; x_wconf 84' lang='grc' dir='ltr'><strong>τὴν</strong></span> <span class='ocrx_word' id='word_1_267' title='bbox 813 4646 930 4711; x_wconf 84' lang='grc' dir='ltr'>ἀρχαίαν</span> <span class='ocrx_word' id='word_1_268' title='bbox 954 4646 1059 4711; x_wconf 84' lang='grc' dir='ltr'>ἀγορὰν</span> <span class='ocrx_word' id='word_1_269' title='bbox 1082 4646 1273 4712; x_wconf 78' lang='grc' dir='ltr'>προτιθέααν,</span> <span class='ocrx_word' id='word_1_270' title='bbox 1302 4648 1369 4698; x_wconf 82' lang='grc' dir='ltr'>ἔνθα</span> <span class='ocrx_word' id='word_1_271' title='bbox 1392 4648 1418 4700; x_wconf 87' lang='grc' dir='ltr'><strong>οἱ</strong></span> 
     </span>
     <span class='ocr_line' id='line_1_35' title="bbox 277 4730 893 4794; baseline 0 -11"><span class='ocrx_word' id='word_1_272' title='bbox 277 4731 408 4794; x_wconf 86' lang='grc' dir='ltr'>Ῥωμαῖοι</span> <span class='ocrx_word' id='word_1_273' title='bbox 427 4730 561 4794; x_wconf 82' lang='grc' dir='ltr'>ἄρχοντε(</span> <span class='ocrx_word' id='word_1_274' title='bbox 580 4730 763 4793; x_wconf 86' lang='grc' dir='ltr'>ἀπόμνυνται.</span> <span class='ocrx_word' id='word_1_275' title='bbox 798 4734 893 4784; x_wconf 79' lang='lat' dir='ltr'><strong>Maius.</strong></span> 
     </span>
    </p>

    <p class='ocr_par' dir='ltr' id='par_1_14' title="bbox 363 4811 604 4866">
     <span class='ocr_line' id='line_1_36' title="bbox 363 4811 604 4866; baseline -0.008 0"><span class='ocrx_word' id='word_1_276' title='bbox 363 4819 377 4866; x_wconf 80' lang='lat'>7</span> <span class='ocrx_word' id='word_1_277' title='bbox 396 4812 485 4865; x_wconf 88' lang='lat' dir='ltr'><strong>Maius</strong></span> <span class='ocrx_word' id='word_1_278' title='bbox 504 4811 604 4864; x_wconf 88' lang='lat' dir='ltr'><strong>omisit.</strong></span> 
     </span>
    </p>

    <p class='ocr_par' dir='ltr' id='par_1_15' title="bbox 362 4895 742 4963">
     <span class='ocr_line' id='line_1_37' title="bbox 362 4895 742 4963; baseline 0 -14"><span class='ocrx_word' id='word_1_279' title='bbox 362 4902 377 4949; x_wconf 91' lang='lat'>8</span> <span class='ocrx_word' id='word_1_280' title='bbox 397 4895 486 4948; x_wconf 85' lang='lat' dir='ltr'><strong>Maius</strong></span> <span class='ocrx_word' id='word_1_281' title='bbox 504 4912 665 4963; x_wconf 87' lang='lat' dir='ltr'><strong>perperam:</strong></span> <span class='ocrx_word' id='word_1_282' title='bbox 685 4902 742 4949; x_wconf 80' lang='lat' dir='ltr'><strong>erit.</strong></span> 
     </span>
    </p>
   </div>
   <div class='ocr_carea' id='block_1_9' title="bbox 0 0 1654 6050">
    <p class='ocr_par' dir='ltr' id='par_1_16' title="bbox 0 0 1654 6050">
     <span class='ocr_line' id='line_1_38' title="bbox 0 0 1654 6050; baseline 0 4"><span class='ocrx_word' id='word_1_283' title='bbox 0 0 1654 6050; x_wconf 95' lang='lat' dir='ltr'><strong> </strong></span> 
     </span>
    </p>
   </div>
  </div>
 </body>
</html>
