3300 6050
278 858 337 923 108
491 856 527 910 M.
543 855 712 911 CORNELII
730 854 937 910 FRONTONIS
955 854 1211 911 EPISTULARUM

274 1006 433 1092 simulator
447 1049 485 1092 uo
499 1033 719 1099 dissimulator,·
741 1027 880 1090 Tullium
895 1049 970 1091 vero
986 1027 1249 1093 commotissime¹
1273 1033 1306 1094 et
1325 1030 1417 1093 fami-

274 1130 347 1193 liari
369 1129 548 1194 oratoribus
571 1130 675 1213 figura
696 1151 804 1210 usum,
836 1152 932 1213 quarn
961 1130 1131 1213 scriptores
1154 1130 1271 1194 artium
1299 1131 1416 1198 ἐπανα-

275 1233 404 1314 <potuve
426 1231 563 1295 vooant²
592 1280 837 1295 ..........
866 1232 958 1306 ³Quts
980 1237 1163 1296 clarioribus
1190 1239 1264 1296 uiris
1286 1239 1417 1311 quodam

274 1345 406 1413 tempore
428 1339 613 1398 iucundior?
641 1341 707 1412 quis
728 1338 916 1411 turpioribus
937 1340 1147 1398 eoniuuetior?
1175 1341 1241 1413 quis
1262 1340 1336 1398 ciuis
1357 1356 1415 1398 ure-

274 1442 383 1500 lioruru
405 1441 544 1514 partium
574 1441 761 1513 aliquando?
806 1443 873 1515 puis
900 1442 1036 1515 taetrior,
1053 1441 1144 1499 bostis
1176 1441 1246 1500 buia
1278 1442 1396 1500 ciuitati
1401 1444 1416 1500 ?

274 1545 340 1617 puis
368 1544 398 1601 iu
426 1541 626 1616 uoluptatibus
654 1543 860 1616 iupuiaotiorl
901 1545 966 1615 quis
993 1544 1024 1602 iu
1051 1541 1204 1601 laboribus
1225 1544 1415 1617 patientior?

274 1645 341 1718 puts
363 1645 394 1702 ia
416 1648 589 1718 rapacitate
610 1645 756 1703 auarior?
778 1645 845 1718 quis
866 1646 897 1703 iu
911 1646 1074 1718 lurpitioue
1088 1644 1236 1719 effusior?
1263 1639 1307 1702 Et
1321 1660 1416 1722 porro

274 1740 423 1824 deinceps
446 1740 487 1803 ab
510 1740 619 1803 eodem
640 1731 709 1804 isto
723 1741 819 1804 verbo
842 1740 1022 1804 sententiae
1044 1739 1247 1805 inchoantur.
1282 1740 1316 1805 Si
1331 1741 1415 1804 vide-

273 1842 360 1906 bitur
386 1841 420 1905 id
446 1842 529 1925 quod
558 1842 784 1906 animadvertit
811 1841 850 1906 de
876 1847 909 1907 te
939 1892 946 1906 .
971 1843 1000 1906 .4
1028 1844 1127 1907 citato
1155 1865 1197 1907 an
1223 1864 1282 1926 pro
1310 1845 1416 1907 oetero

273 1947 389 2007 ornatu
411 1965 449 2007 ae
470 1944 772 2009 tumultu'medium
793 1944 873 2008 illud
899 1945 1117 2008 inculcatum⁵
1139 1945 1196 2010 sit:
1229 1966 1295 2010 eura
1323 1951 1415 2009 oraui-

273 2051 327 2110 bus
348 2053 568 2111 commuuioure
590 2053 672 2126 quob
692 2051 835 2111 babebat:
856 2069 933 2111 nam
954 2046 1035 2110 mihi
1056 2046 1152 2130 paulo
1173 2047 1235 2111 hoo
1255 2047 1415 2130 volgatius

273 2152 306 2212 et
327 2148 464 2212 ieiunius
490 2148 625 2213 videtur.
670 2147 745 2212 Non
774 2199 781 2212 .
807 2149 836 2212 ‚⁶
864 2152 938 2232 post
963 2148 1020 2212 ille
1049 2147 1180 2212 Sallusti
1208 2152 1241 2212 et
1263 2148 1348 2212 Tulli
1376 2149 1414 2212 de

274 2249 414 2315 Catilina
443 2249 478 2313 L.
495 2250 622 2314 Antoni
644 2299 651 2315 .
677 2248 704 2314 ,⁷
732 2254 806 2314 utus
836 2251 883 2314 eit
908 2251 1064 2334 putabam
1091 2251 1277 2314 ostendere8
1307 2301 1313 2314 .
1340 2300 1346 2313 .
1373 2300 1380 2313 .
1406 2301 1412 2314 .

267 2364 396 2432 praeter
424 2363 597 2418 ueteranum
626 2403 634 2418 .
660 2405 667 2417 .
697 2354 750 2417 9re
770 2373 884 2437 mapua
907 2374 987 2432 pars
1009 2359 1167 2417 iuuentutis
1187 2356 1378 2432 sequebatur.
1389 2353 1413 2392 ¹⁰

272 2455 393 2520 Idcirco
415 2452 476 2518 hoe
498 2456 533 2518 in
555 2463 672 2535 seripto
692 2458 730 2519 tu
750 2456 873 2519 faeeres
900 2455 985 2517 idem
1013 2456 1096 2538 quod
1117 2455 1222 2538 pictor
1248 2455 1302 2537 qui
1323 2477 1414 2518 nurn-

273 2579 368 2640 quam
383 2578 497 2640 equom
511 2556 643 2641 pinge11
669 2607 675 2620 .
695 2606 702 2620 .
721 2607 727 2620 .
747 2607 753 2620 .
776 2578 836 2641 pro
853 2607 860 2620 .
879 2608 885 2620 .
904 2556 945 2620 ‚¹²
967 2556 1084 2640 pingit.
1119 2557 1295 2641 Iugurthae
1310 2557 1415 2621 forma

273 2658 426 2723 eiusmodi
449 2659 545 2723 est¹³z
570 2664 628 2734 Qui
648 2664 700 2724 ubi
717 2665 848 2738 primurn
863 2664 1003 2732 aboleuit,
1024 2666 1141 2740 polleas
1156 2665 1276 2738 uiribus,
1301 2665 1414 2725 deeora

267 2765 365 2839 faeie,
390 2766 444 2824 secl
464 2767 555 2824 multo
576 2767 708 2825 maxime
722 2768 843 2841 iapeuio
858 2767 983 2839 ualidus,
1011 2783 1073 2826 nou
1086 2782 1118 2825 se
1132 2767 1209 2826 lauu
1224 2783 1320 2841 aeque
1334 2769 1413 2827 iuer-

271 2869 333 2926 tiae
353 2861 639 2941 corrumpeuuuu¹⁴
662 2868 760 2937 aeliu
793 2869 848 2927 sea
868 2869 913 2927 uti
931 2884 994 2937 ruos
1019 2869 1119 2942 peutis
1146 2870 1226 2928 illius
1247 2874 1307 2945 est,
1334 2869 1413 2942 equi-

272 2974 353 3037 tare,
383 2970 529 3043 iaculari,
567 2986 660 3030 eursu
687 2987 755 3031 eura
783 2970 962 3046 aequalibus
988 2976 1125 3031 certare:
1159 2976 1188 3031 et
1219 2986 1287 3031 eura
1321 2971 1415 3030 amuis

269 3074 372 3146 pluria
399 3074 541 3146 anteiret,
579 3072 712 3133 omuibus
738 3078 839 3133 tamea
865 3090 958 3133 carus
989 3090 1060 3133 esse.
1110 3073 1161 3132 Aa
1185 3074 1243 3133 boe
1264 3075 1414 3147 pleraque

272 3180 406 3250 tempora
428 3177 460 3235 la
483 3176 621 3235 ueuuuclo
643 3191 743 3250 apere,
766 3178 882 3235 leoueru
905 3183 996 3250 atque
1018 3176 1095 3235 alias
1112 3174 1203 3247 feras
1221 3177 1338 3251 primas
1359 3181 1413 3234 aut

271 3278 303 3335 iu
319 3278 430 3352 priuis
447 3274 562 3347 ferire,
585 3280 750 3352 plurimum
776 3277 899 3351 faeere,
928 3280 1082 3337 miuimura
1104 3279 1168 3352 ipse
1195 3278 1233 3336 de
1261 3293 1293 3336 se
1320 3278 1411 3351 loqui.

271 3372 323 3437 No
347 3424 740 3439 .............

357 3610 374 3647 a
393 3598 424 3647 lu
442 3600 566 3662 marpiue:
586 3593 658 3658 Quid
675 3596 718 3648 est
735 3594 894 3663 eponafore.

357 3824 370 3869 l
389 3816 452 3870 Non
469 3814 536 3869 satis
553 3813 680 3882 intelligo
699 3831 747 3868 eur
764 3813 854 3869 Maius
871 3814 1012 3885 scripserit
1029 3820 1234 3879 eomraodissitua,

356 3908 371 3956 2
391 3901 494 3970 Supple
515 3900 635 3967 quatuor
652 3899 807 3953 versiculos.

356 3986 445 4041 3010.
464 4000 516 4055 pro
536 3984 609 4039 Coei.
629 4001 651 4037 e.
666 3989 689 4037 6.

354 4077 371 4123 4
390 4070 493 4139 Supple
512 4070 566 4121 duo
585 4070 643 4122 fere
659 4069 754 4123 verba.

356 4162 372 4209 5
388 4153 479 4207 Maius
497 4153 578 4221 legit:
597 4159 757 4222 inculpatum.
795 4154 915 4208 Correxi.

355 4246 371 4293 6
390 4238 493 4308 Supple
512 4238 566 4290 duo
584 4238 642 4291 fere
660 4239 753 4292 verba.

356 4329 370 4378 7
390 4322 494 4392 Supple
512 4339 596 4374 unum
614 4322 737 4376 verbum.

327 4438 328 4441 =
356 4413 371 4461 8
390 4407 494 4477 Supple
513 4407 566 4459 duo
584 4408 643 4461 fere
660 4408 754 4462 verba.

356 4499 371 4547 9
390 4492 493 4560 Supple
510 4492 567 4544 tres
586 4492 634 4545 aut
652 4483 906 4560 quotuor'litteras.

341 4584 372 4632 10
388 4576 524 4630 Videntur
540 4576 620 4630 nobis
637 4577 707 4631 hoec
723 4578 811 4632 verbu
829 4595 863 4631 ex
880 4576 973 4645 aliquo
991 4578 1126 4647 scriptore
1143 4577 1259 4632 laudari.

340 4668 370 4715 11
390 4658 494 4730 Su'pple
511 4678 597 4715 unum
613 4662 737 4715 verbum.

340 4752 371 4799 12
390 4745 493 4814 Supple
512 4745 633 4815 quinque
651 4746 709 4800 fere
726 4744 883 4800 versiculos.

340 4838 372 4885 13
391 4829 500 4883 Suuust.
519 4831 643 4899 Iugurth.
663 4847 685 4883 e.
700 4836 724 4883 δ’.

341 4921 372 4968 14
391 4913 495 4969 Codex:
514 4935 594 4985 aeque
611 4920 827 4983 corrumpendum.
