3300 6050
684 894 964 951 PROLEGOMENA.
1305 913 1395 960 XXIX

252 1070 336 1154 iniit,
360 1071 502 1133 nondum
523 1070 593 1132 nati
616 1072 709 1132 erant
724 1068 915 1133 Commodus
938 1090 1010 1131 cum
1031 1067 1161 1150 gemino
1176 1065 1277 1130 fratre
1292 1066 1394 1132 Anto-

252 1173 341 1254 nino,
365 1156 462 1255 quurn
483 1170 661 1254 Imperator
683 1170 837 1234 scriberet
859 1169 1027 1252 epistolam
1047 1167 1090 1252 II,
1119 1170 1151 1252 l,
1181 1190 1263 1252 qnae
1284 1169 1395 1252 utique

254 1274 329 1337 data
356 1276 405 1337 est
432 1275 507 1336 ante
534 1271 607 1335 Kal.
637 1270 724 1356 Sept.
763 1271 913 1355 Requirit
939 1273 1100 1335 orationes
1129 1293 1209 1355 quae
1237 1269 1394 1335 Frontoni

253 1374 480 1440 disertissimae
513 1375 701 1456 videantur,
740 1374 780 1436 ad
814 1373 941 1437 dicendi
977 1372 1165 1437 facultatem
1201 1374 1392 1458 augendam.

253 1476 454 1561 Quamquam
476 1479 584 1540 autem
604 1476 763 1539 tenuisset
785 1496 916 1558 morem,
941 1496 1036 1559 quem
1059 1497 1078 1537 a
1099 1477 1192 1557 patre
1214 1484 1392 1558 acceperat,
1461 1536 1467 1543 .

252 1582 289 1642 ut
303 1578 535 1642 vindemiarum
556 1581 700 1661 tempore
722 1579 942 1659 rusticaretur,
968 1599 1061 1641 curae
1078 1577 1205 1660 imperii
1227 1595 1294 1641 non
1316 1577 1394 1639 satis

253 1681 375 1744 dabant
397 1680 455 1744 otii
478 1680 518 1743 ad
541 1680 623 1744 vires
645 1663 834 1743 reficiendas
857 1682 905 1762 et,
936 1679 963 1741 si
985 1681 1094 1742 tamen
1118 1679 1238 1763 aliquid
1259 1680 1317 1742 otii
1339 1701 1394 1742 na·
1507 1759 1514 1769 .

254 1785 323 1851 ctus
346 1785 445 1864 esset,
474 1781 535 1845 hoc
562 1781 680 1845 litteris
701 1781 880 1845 tribuebat:
916 1802 1083 1863 possumus
1110 1780 1172 1844 hoc
1201 1782 1328 1845 efficere
1356 1790 1395 1844 111

252 1884 316 1947 illis
344 1882 487 1966 epistolis
515 1905 597 1966 quae
623 1883 845 1947 inscribuntur
873 1890 911 1947 de
932 1889 1031 1947 Feriis
1054 1889 1234 1948 Alsiensibus
1255 1883 1395 1967 itemque

254 2007 291 2049 111
322 1985 415 2068 epist.
445 1984 486 2047 ad
507 1984 630 2048 Anton.
658 1983 701 2067 Π,
725 1986 747 2048 4
769 1987 802 2048 et
823 1985 853 2050 5.
897 1984 1020 2049 Eodem
1047 1985 1151 2050 refero
1179 1987 1303 2049 sextam
1331 1984 1395 2068 epi-

253 2088 383 2171 stolam,
412 2087 448 2150 in
470 2108 533 2170 qua
555 2086 675 2150 Fronto
704 2087 782 2151 artis
804 2089 979 2171 praecepta
1000 2087 1117 2170 tradit,
1148 2087 1265 2150 additis
1288 2108 1394 2150 111111-
1501 2173 1504 2177 ,

253 2189 317 2272 ptis
333 2187 546 2253 sallustianis,
578 2189 644 2254 Sub
661 2189 738 2252 anni
757 2189 855 2253 finem
878 2188 1034 2272 scriptum
1056 2189 1202 2252 existimo
1224 2188 1395 2252 ridiculum

253 2294 427 2354 tractatum
450 2297 488 2354 de
510 2297 596 2356 Bello
618 2297 770 2356 Parthica.
816 2290 920 2365 Quam
944 2290 1059 2354 vellem
1080 2290 1270 2354 haberemus
1292 2289 1395 2354 Marci

194 2394 197 2399 “
253 2392 377 2456 Aurelii
399 2393 554 2456 iudicium
576 2393 614 2457 de
636 2395 704 2457 tarn
732 2393 845 2476 putida
868 2396 900 2455 11
923 2392 1001 2455 anili
1023 2393 1220 2476 eloquentia!

336 2492 406 2557 Iam
433 2495 503 2557 nati
532 2498 625 2558 erant
652 2495 773 2579 gemini
796 2493 986 2560 Commodus
1018 2497 1051 2558 et
1084 2495 1286 2577 Antoninus,
1322 2516 1395 2558 cum

156 2597 160 2601 ’
254 2617 338 2659 anno
363 2596 423 2660 162
445 2593 626 2680 Imperator
654 2597 809 2661 scriberet
836 2595 1005 2679 epistolam
1026 2596 1052 2680 Ι,
1078 2597 1113 2680 1,
1144 2596 1316 2661 Frontonis
1343 2597 1394 2660 die

253 2698 371 2781 natali,
400 2699 454 2782 qui
476 2699 555 2783 fuit,
590 2701 626 2763 ut
648 2721 745 2782 supra
767 2699 947 2782 suspicatus
970 2721 1056 2782 sum,
1081 2698 1131 2761 die
1153 2697 1194 2762 V.
1219 2698 1291 2762 Kal.
1315 2697 1392 2761 Mai.

253 2799 440 2883 Respondet
467 2800 588 2864 Fronto
615 2801 651 2865 in
679 2800 772 2884 epist.
796 2801 823 2883 Ι,
852 2802 888 2883 2,
922 2799 957 2863 in
985 2823 1048 2884 qua
1076 2801 1395 2864 animadvertendum

254 2905 302 2965 est
323 2901 444 2966 Verum
467 2903 610 2966 nondum
635 2904 671 2966 in
705 2901 831 2986 Syriam
858 2902 1038 2986 profectum
1071 2925 1139 2966 esse
1167 2904 1199 2965 11
1225 2906 1395 2987 utrumque
1466 2896 1471 2905 ’

253 3003 387 3068 fratrem
408 3005 543 3068 multam
565 3027 696 3088 operam
718 3004 793 3068 dare
816 3005 878 3069 arti
900 3004 1068 3068 oratoriae.
1102 3003 1259 3089 Magister
1279 3005 1396 3090 probat

253 3106 400 3191 discipuli
423 3107 585 3190 profectus
608 3110 641 3170 et
662 3110 829 3191 praeterea
851 3107 1014 3191 significat
1036 3129 1069 3170 se
1091 3107 1180 3170 brevi
1202 3108 1397 3191 scripturum

254 3230 321 3271 esse
350 3209 388 3271 de
416 3208 500 3292 aptis
527 3209 632 3272 verbis
661 3209 828 3293 eligendis
873 3207 987 3293 Itaque
1016 3209 1056 3271 ad
1077 3208 1157 3271 illud
1179 3209 1246 3272 fere
1268 3212 1396 3294 tempus

253 3311 355 3373 refero
371 3310 522 3393 epistolas
538 3316 576 3373 de
592 3316 773 3389 Eloquentia
795 3314 828 3374 et
848 3316 886 3373 dc
903 3314 1105 3392 Orationibus,
1130 3333 1264 3393 quarum
1286 3314 1397 3374 tamen

253 3411 332 3476 haec
364 3412 460 3494 paulo
488 3412 646 3495 posterius
677 3412 797 3496 scripta
819 3415 878 3476 est.
923 3412 984 3475 Illa
1017 3412 1158 3476 creditur
1194 3413 1322 3496 quidem
1356 3412 1397 3475 ad

254 3513 297 3576 M.
321 3511 491 3578 Caesarem
518 3514 594 3578 data
616 3536 705 3597 esse,
730 3515 785 3578 sed
807 3514 836 3578 si
857 3513 1008 3577 foliorum
1029 3514 1175 3589 ordinem
1196 3517 1283 3578 recte
1305 3513 1397 3577 resti-

253 3614 319 3696 tui,
353 3615 476 3698 quade
503 3638 538 3678 re
564 3618 674 3679 tamen
702 3618 737 3680 in
765 3638 803 3680 ea
832 3615 948 3680 codicis
976 3619 1069 3700 parte
1104 3616 1263 3679 dubitatio
1289 3619 1397 3701 potest

254 3716 339 3799 oriri,
364 3717 440 3779 data
463 3712 511 3780 est
534 3718 574 3780 ad
588 3718 633 3781 M.
650 3718 855 3782 Antoninum
870 3718 1112 3802 Imperatorem.
1143 3717 1267 3781 Rhetor
1288 3718 1397 3782 omnia

254 3821 369 3901 movet,
398 3822 435 3883 nt
455 3820 683 3903 imperatorem
706 3843 724 3883 a
747 3820 860 3883 studiis
882 3819 1113 3903 philosophicis
1136 3819 1319 3884 abstrahat:
1341 3842 1396 3904 po-

254 3920 354 3983 stulat
386 3922 422 3983 ut
453 3921 606 4004 temporis
638 3922 837 4005 meminerit,
876 3944 973 4005 quum
1006 3943 1184 4005 synonyma
1219 3922 1394 4007 colligeret,

253 4022 351 4096 verba
373 4022 550 4106 singularia
572 4023 758 4107 requireret,
784 4027 942 4087 commata
965 4023 1003 4086 de
1025 4023 1211 4107 vulgaribus
1234 4024 1396 4110 elegantia

224 4181 226 4183 ,
254 4124 415 4205 redderet,
451 4124 489 4186 de
523 4125 749 4188 contaminatis
782 4147 883 4207 nova,
916 4125 1093 4208 imaginem
1128 4126 1394 4208 adcommodaret,

253 4225 391 4308 figuram
412 4225 569 4308 iniiceret,
593 4227 699 4309 prisco
715 4228 810 4291 verbo
829 4227 1015 4309 adornaret,
1041 4226 1178 4290 colorem
1199 4228 1396 4292 vetustulum

181 4410 184 4415 Ι
254 4327 460 4409 appingeret:
489 4349 570 4410 quae
592 4329 759 4410 occupatio
783 4331 869 4392 certe
891 4328 1083 4410 imperatore
1105 4327 1252 4392 Romano
1275 4330 1395 4413 dignis·
1474 4347 1477 4350 ’

254 4428 334 4491 sima
349 4429 407 4491 est.
438 4426 631 4492 Prudentius
653 4452 731 4493 sane
753 4429 817 4493 fuit
831 4429 958 4492 Rustici
974 4430 1152 4513 consilium,
1177 4432 1231 4514 qui
1247 4431 1396 4494 iuvenem

254 4529 405 4609 ἀπέετηεε
429 4530 596 4609 ῥητορική(
618 4532 668 4595 καὶ
690 4537 852 4613 ποιητικῆς
873 4533 923 4595 καὶ
947 4531 1172 4608 ἀετειολογίαε.

337 4630 442 4714 Epist.
478 4631 518 4694 ad
550 4630 671 4694 Verum
693 4632 779 4716 H,8
812 4634 933 4716 scripta
966 4636 1030 4715 est,
1065 4632 1150 4696 Vero
1184 4633 1328 4696 nondum
1360 4634 1395 4697 in

254 4730 379 4816 Syriam
407 4733 560 4816 profecto.
606 4731 665 4810 Qui
689 4757 787 4817 quum
810 4734 941 4798 Canusii
971 4738 1168 4817 aegrotaret,
1199 4736 1395 4820 amagistro

254 4834 379 4916 accepit
401 4856 449 4917 ep.
474 4835 514 4898 ad
535 4834 611 4899 Ver.
635 4834 678 4917 II,
702 4836 731 4899 6.
764 4835 828 4899 Hic
849 4840 923 4919 post
946 4837 1118 4901 adventum
1140 4837 1175 4900 in
1198 4836 1324 4919 Syriam
1346 4860 1395 4900 ra-

253 4935 319 4997 rius
350 4937 478 5018 scripsit
505 4940 538 5000 et
565 4930 784 5020 negligentiae
818 4938 955 5001 colorem
983 4938 1139 5022 quaesivit
1166 4939 1202 5001 in
1225 4961 1274 5022 ep.
1297 4939 1340 5022 II,
1364 4940 1393 5003 2.
