3300 6050
292 921 342 969 xx
726 898 1007 956 1111111111,

292 1075 448 1158 tionibus,
482 1096 533 1137 res
563 1074 764 1138 incommoda
797 1075 926 1157 quidem
959 1076 1023 1159 est,
1058 1096 1135 1137 nam
1167 1073 1293 1137 numeri
1324 1074 1386 1137 mei
1417 1096 1436 1136 a

291 1177 429 1240 Maianis
456 1176 642 1261 plerumque
669 1177 869 1259 discrepant,
901 1177 957 1239 sed
987 1178 1091 1260 „quia
1123 1176 1159 1239 in
1192 1175 1338 1259 principe
1373 1175 1436 1238 edi·

290 1279 379 1342 tione
413 1279 583 1342 coniuncta
617 1281 693 1341 sunt
725 1300 763 1340 ea
796 1299 878 1361 quae
912 1278 1055 1361 separari
1089 1279 1208 1341 debent
1235 1281 1268 1341 et
1303 1276 1436 1341 diversis

290 1380 369 1444 locis
401 1381 565 1465 111111111-
582 1402 663 1463 quac
692 1379 881 1463 cohaerent,
918 1382 1046 1443 coactus
1079 1380 1142 1444 feci
1175 1380 1259 1464 quod
1291 1400 1436 1442 necessa-

290 1483 374 1546 rium
397 1485 477 1546 erat.

375 1584 543 1647 Librorum
564 1583 676 1648 titulos
691 1584 745 1668 qni
769 1587 943 1667 supersunt
964 1606 1037 1647 mox
1060 1583 1232 1666 exhibeb03
1254 1583 1434 1667 principem

291 1685 397 1750 locum
423 1689 538 1749 tenent
559 1685 730 1749 Frontonis
759 1685 913 1768 epistolae
943 1687 982 1750 ad
1005 1685 1049 1749 M.
1073 1685 1279 1749 Antoninum
1301 1688 1334 1747 et
1355 1685 1435 1747 invi-

293 1811 379 1871 cem,
404 1808 538 1871 quarum
560 1789 700 1872 quinque
722 1788 797 1850 libri
820 1790 897 1850 sunt
920 1788 960 1850 ad
982 1786 1026 1850 M.
1051 1786 1236 1870 Caesarem,
1267 1788 1329 1850 duo
1350 1787 1436 1870 iique

291 1891 389 1954 laceri
419 1891 459 1953 ad
486 1889 631 1953 Marcum
657 1889 899 1972 Imperatorem.
945 1887 1138 1972 Temporum
1160 1889 1318 1952 rationem
1339 1887 1436 1950 libra-

292 1993 358 2055 rius
380 1991 502 2055 nullam
523 1990 651 2075 habuit,
679 1991 806 2075 itaque,
836 1989 931 2054 simul
959 1993 996 2054 ut
1024 1991 1159 2055 lectores
1187 1991 1252 2054 iam
1280 1991 1321 2052 ab
1342 1989 1436 2052 initio

175 2111 180 2121 '
293 2095 352 2157 sub
378 2116 443 2157 uno
473 2096 645 2176 conspectu
668 2094 869 2157 considerare
890 2093 1026 2176 possint,
1060 2093 1135 2177 quid
1166 2092 1260 2156 nobis
1287 2095 1436 2155 renatum

293 2197 351 2278 sit,
380 2217 446 2258 non
468 2193 583 2258 inutile
606 2198 655 2258 est
676 2195 783 2260 videre
805 2196 844 2258 de
866 2197 1026 2278 ternpore,
1050 2217 1112 2279 quo
1139 2194 1287 2278 singulae
1308 2191 1436 2276 Episto-

291 2298 341 2361 lae
364 2299 501 2380 scriptae
524 2296 599 2360 sint.
646 2295 728 2360 Sunt
750 2297 882 2381 aliquot,
909 2297 945 2360 in
968 2296 1082 2379 quibus
1104 2296 1225 2359 indicia
1247 2296 1325 2359 satis
1349 2299 1437 2358 certa

292 2400 461 2481 deficiunt,
491 2399 546 2461 sed
574 2420 699 2480 earum,
734 2421 870 2481 quarum
898 2397 996 2461 series
1025 2397 1151 2461 definiri
1178 2400 1300 2480 potest,
1332 2397 1437 2480 prima

292 2501 417 2565 videtur
439 2521 507 2563 1111
528 2499 601 2582 illa,
630 2521 712 2583 quae
739 2523 827 2563 nunc
854 2500 959 2582 prima
981 2502 1031 2562 est
1051 2499 1087 2562 111
1108 2499 1205 2562 tertio
1223 2499 1305 2562 libro
1328 2500 1368 2562 ad
1391 2498 1435 2562 M.

293 2602 472 2666 Caesarem.
518 2599 646 2683 Scripta
669 2604 734 2684 est,
758 2603 794 2664 ni
821 2601 931 2684 fallor,
961 2601 1016 2664 A0.
1042 2601 1119 2683 139,
1148 2601 1319 2684 postremis
1348 2623 1436 2663 men-

293 2705 398 2786 sibus,
434 2725 506 2766 cum
545 2701 666 2766 Fronto
702 2703 770 2766 1111
803 2702 1040 2786 quinquaginta
1073 2724 1175 2765 annos
1206 2706 1303 2766 natus
1341 2705 1435 2784 11111,

293 2806 411 2890 quippe
438 2805 492 2888 qui
515 2805 579 2866 iam
607 2805 667 2867 sub
688 2803 848 2868 Hadriani
870 2804 1055 2887 principatu
1076 2805 1162 2867 inter
1183 2803 1346 2868 Romanos
1368 2814 1437 2867 ora·
1506 2871 1509 2875 ,

292 2910 378 2970 tores
404 2908 543 2988 primum
563 2905 669 2969 locum
696 2907 903 2988 obtinuisset,
934 2928 1006 2968 cum
1032 2927 1098 2968 non
1122 2905 1290 2970 admodum
1311 2906 1436 2969 iuvenis

293 3008 410 3072 litteris
433 3030 562 3091 operam
585 3008 661 3071 dare
684 3009 850 3092 coepisset.
883 3007 927 3072 M.
952 3007 1079 3089 Caesar,
1102 3008 1157 3092 qui
1179 3011 1292 3092 postea
1306 3007 1351 3071 M.
1368 3007 1435 3071 An-

240 3102 242 3106 ’
293 3111 425 3174 toninus
447 3109 659 3193 Philosophus
681 3111 755 3194 fuit,
780 3133 902 3174 annum
917 3110 1036 3194 agebat
1055 3110 1336 3193 undevicesimum,
1360 3132 1437 3173 nam
1563 3124 1566 3127 ’

293 3216 388 3276 11111
417 3216 466 3276 111
493 3214 548 3275 A0.
574 3212 632 3275 121
662 3213 713 3275 die
740 3216 830 3276 sexto
855 3212 928 3276 Kal.
958 3211 1052 3295 Mai.;
1084 3212 1173 3275 brevi
1205 3216 1280 3276 ante
1303 3213 1437 3275 duxerat

293 3314 481 3378 Faustinam
503 3317 536 3377 et
557 3314 636 3377 tuirc
658 3319 863 3398 quaesturam
885 3314 1028 3399 gerebat.
1065 3312 1203 3376 Videtur
1225 3312 1357 3395 Caesar,
1382 3313 1436 3396 qui

293 3416 388 3499 paulo
412 3420 487 3479 ante
508 3417 543 3479 in
565 3416 738 3479 Frontonis
761 3416 966 3502 disciplinam
987 3415 1111 3479 delatus
1134 3417 1213 3498 erat,
1237 3437 1275 3478 ex
1298 3414 1437 3478 lectione

293 3522 436 3581 veterum
464 3520 631 3599 poetarum
660 3521 692 3581 et
719 3517 927 3599 scriptorum,
962 3538 1039 3599 quos
1061 3516 1181 3580 Fronto
1215 3538 1288 3580 cum
1322 3516 1436 3580 ceteris

295 3618 480 3703 aequalibus
502 3619 646 3701 impense
669 3618 898 3700 admirabatur,
921 3617 956 3680 in
979 3618 1154 3701 scriptione
1169 3619 1316 3702 quadam,
1340 3640 1437 3702 quam

293 3722 449 3803 magistro
471 3719 641 3803 obtulerat,
665 3719 771 3782 verbis
792 3741 868 3782 usus
891 3741 959 3783 esse
980 3720 1078 3783 nimis
1099 3720 1215 3804 priscis
1238 3724 1271 3783 11
1292 3743 1311 3783 1
1333 3721 1436 3803 quoti-

294 3822 390 3885 diano
412 3843 471 3884 usu
492 3822 633 3885 remotis.
679 3820 798 3885 Suadet
825 3820 981 3905 magister
1009 3820 1153 3904 Caesari,
1183 3825 1220 3885 ut
1247 3822 1437 3904 simpliciter

294 3924 395 3986 dicat:
438 3922 515 3986 olim
551 3923 586 3985 in
623 3926 737 3986 senatu
772 3923 823 3987 vel
858 3924 893 3985 in
932 3922 1080 3987 contione
1112 3945 1188 3986 usus
1228 3926 1297 3985 1111
1331 3923 1436 3986 verbis

293 4025 416 4087 idoneis
450 4027 483 4087 et
516 4046 535 4086 1
567 4024 685 4107 populo
722 4025 877 4108 probatis.
933 4023 1044 4087 Brevis
1084 4046 1208 4109 quoque
1245 4028 1315 4087 erat
1348 4024 1435 4087 inter

294 4130 463 4209 utrumque
485 4126 612 4209 notitia,
638 4148 709 4190 cum
732 4125 849 4191 Caesar
872 4125 1026 4190 scriberet
1049 4126 1142 4209 epist.
1166 4126 1225 4208 Ill,
1249 4127 1280 4189 2.
1314 4126 1436 4190 Fronto

295 4229 500 4292 accusaturus
530 4232 598 4291 erat
625 4227 786 4292 Herodem
813 4228 977 4309 Atticum,
1012 4228 1066 4311 qui
1098 4228 1267 4291 Caesarem
1296 4227 1436 4291 Graecas
1525 4214 1532 4226 .

293 4329 419 4404 litteras
434 4329 578 4392 docebat.
601 4329 800 4414 Quamquam
814 4328 993 4413 periculum
1007 4332 1066 4410 est,
1082 4350 1124 4391 ne
1135 4328 1290 4392 Frontoni
1307 4378 1315 4410 ,
1319 4330 1445 4410 ,1111111

293 4430 469 4514 puerulus“
491 4431 636 4494 rideatur
659 4454 727 4495 esse
748 4470 791 4480 —-
812 4432 897 4495 unde
926 4431 1031 4495 efficio
1053 4430 1232 4512 Caesarem,
1257 4451 1329 4494 cum
1356 4430 1437 4493 haec

295 4533 463 4614 scriberet,
495 4532 663 4596 admodum
691 4534 789 4597 fuisse
812 4533 1048 4597 adolescentem
1074 4570 1115 4582 —-
1138 4532 1287 4595 hortatur
1314 4535 1434 4615 tamen,
1487 4576 1493 4584 «

294 4656 336 4697 ne
358 4634 512 4718 magister
532 4635 567 4698 in
590 4636 770 4699 accusando
797 4635 977 4699 convicium
999 4634 1119 4699 Herodi
1146 4635 1253 4697 facere
1280 4634 1374 4717 velit3
1402 4656 1436 4698 sc

294 4733 414 4798 Herodi
442 4736 526 4799 idem
549 4738 713 4821 scripsisse
736 4740 769 4800 et
790 4736 1027 4820 impetravisse,
1051 4758 1093 4799 111
1114 4736 1281 4799 inimicum
1303 4735 1436 4799 lacesse-

295 4840 354 4899 ret.
399 4836 584 4920 Respondet
610 4837 730 4901 Fronto
751 4838 786 4900 in
810 4839 902 4921 epist.
926 4838 990 4919 III,
1015 4839 1051 4919 3,
1082 4824 1177 4920 quam
1204 4838 1315 4900 statim
1338 4859 1436 4921 agno-

296 4959 364 5001 sces
388 4960 459 5001 cum
474 4940 596 5003 duabus
612 4939 827 5021 superioribus
842 4942 915 5021 post
930 4960 1093 5002 excessum
1108 4936 1266 5001 Hadriani
1282 4939 1436 5022 scriptam
