3300 6050
283 852 324 917 70
492 851 534 932 Μ..
544 849 713 905 CORNELII
730 849 937 904 FRONTONIS
955 849 1211 928 EPISTULARUM

282 1021 435 1085 redimus:
464 1020 629 1104 paululum
656 1021 764 1084 studui
793 1023 889 1104 atque
915 1021 965 1083 id¹
999 1021 1155 1104 ineptum.
1200 1022 1324 1087 Deinde
1353 1045 1425 1086 cum

282 1123 457 1186 matercula
479 1144 550 1186 mea
572 1145 668 1206 supra
690 1126 795 1186 torum
824 1122 954 1185 sedente
981 1107 1118 1186 multum
1140 1123 1288 1207 garrivi³.
1334 1123 1424 1188 Meus

283 1246 385 1287 sermo
408 1224 461 1288 hic
477 1227 560 1288 erat:
583 1224 659 1307 quid
675 1224 838 1314 existimas
853 1225 946 1287 modo
961 1246 1067 1287 meum
1081 1224 1277 1289 Frontonem
1296 1227 1425 1290 facere?

283 1326 364 1389 Tum
386 1326 457 1390 illa:
486 1327 561 1408 quid
590 1328 697 1390 autem
725 1329 760 1389 tu
782 1327 905 1390 meam²
929 1325 1098 1390 Gratiam?
1141 1326 1223 1389 Tum
1246 1349 1320 1411 ego:
1349 1329 1424 1411 quid

283 1429 409 1492 autem³
442 1427 641 1511 paserculam
662 1431 806 1492 nostram
830 1428 975 1492 Gratiam
1002 1428 1237 1492 minusculam?
1281 1429 1365 1492 Dum
1388 1452 1425 1492 ea

282 1530 463 1594 fabulamur
494 1533 589 1612 atque
623 1531 834 1612 alienamur,
873 1533 945 1593 uter
978 1529 1113 1592 alterum
1146 1533 1288 1593 vestrum
1321 1532 1424 1615 magis

180 1649 187 1661 ‘
284 1634 415 1714 amaret,
446 1632 550 1694 discus
579 1632 712 1715 crepuit,
736 1632 769 1694 id
792 1635 840 1695 est
861 1635 954 1715 pater
975 1653 1063 1695 meus
1085 1631 1120 1694 in
1142 1631 1294 1695 balneum
1320 1635 1424 1695 trans·
1496 1657 1498 1661 ·

255 1749 257 1754 ·
283 1733 345 1797 isse
373 1733 541 1796 nuntiatus
570 1736 628 1796 est.
673 1732 746 1796 Loti
767 1733 869 1818 igitur
895 1734 930 1795 in
953 1733 1106 1796 torculari
1130 1734 1327 1816 cenavimus,
1358 1756 1424 1797 non

282 1835 340 1898 loti
361 1835 398 1896 in
419 1834 586 1916 torculari,
617 1835 671 1898 sed
700 1834 758 1896 loti
787 1834 985 1916 cenavimus3
1014 1836 1046 1897 et
1072 1835 1208 1898 rusticos
1238 1835 1424 1908 cavillantes

285 1936 461 1999 audivimus
483 1935 630 1999 libenter.
674 1935 755 1998 Inde
782 1956 938 2018 reversus,
966 1936 1152 2019 priusquam
1180 1935 1250 1999 me⁴
1278 1937 1313 1999 in
1340 1937 1424 1999 latus

285 2041 434 2102 converto
456 2041 493 2100 ut
515 2040 657 2119 stertam,
685 2059 791 2101 meum
812 2059 948 2120 pensum
970 2038 1094 2121 explico
1119 2041 1157 2116 et
1180 2038 1242 2101 diei
1264 2039 1422 2101 rationem
1473 2075 1476 2079 >

282 2161 353 2203 meo
375 2137 561 2204 suavissimo
583 2139 738 2223 magistro
760 2139 867 2221 reddo,
897 2160 991 2222 quem
1020 2141 1047 2203 si
1072 2161 1198 2222 possem
1219 2140 1322 2224 magis
1345 2140 1424 2203 desi-

283 2241 404 2324 derare,
429 2241 567 2305 libenter
588 2241 769 2325 plusculum
791 2263 979 2304 macerarer.
1025 2240 1157 2304 Valebis
1184 2240 1263 2303 mihi
1292 2241 1422 2323 Fronte,
1525 2280 1530 2288 ‹

283 2342 394 2407 ubiubi
418 2365 461 2426 ee,
486 2342 707 2424 mellitissime,
731 2365 820 2406 meus
844 2364 942 2425 amor,
966 2364 1037 2406 mea
1058 2342 1214 2426 voluptas.
1243 2341 1325 2418 Quid
1345 2342 1423 2405 mibi

282 2447 389 2509 tecum
412 2443 484 2508 est?
507 2464 577 2508 amo
600 2444 775 2510 absentem.

461 2647 544 2712 vll.
577 2647 677 2713 Habe
699 2648 790 2712 1111111
812 2641 984 2730 Magister
1006 2647 1239 2713 Dulcissimo!

368 2785 512 2848 Tandem
543 2783 729 2848 tabellarius
762 2785 990 2868 proficiscitur,
1030 2787 1062 2847 et
1101 2805 1160 2868 ego
1195 2782 1294 2847 tridui
1312 2783 1336 2868 15
1353 2787 1425 2847 acta
1507 2793 1510 2807 '

284 2909 355 2950 mea
382 2887 421 2950 ad
454 2888 487 2948 te
514 2886 645 2949 tandem
672 2908 801 2969 possum
830 2886 998 2949 dimittere.
1042 2884 1112 2948 Nec
1139 2885 1308 2967 quiequam
1338 2885 1424 2967 dico,

283 2988 330 3052 ita
363 2986 507 3071 epistulis
548 3009 646 3071 prope
681 2988 741 3052 ad6
777 2987 870 3052 XXX
907 2987 1065 3051 dictandis
1098 2986 1245 3070 spiritum
1278 2987 1422 3050 insumsi.

284 3090 369 3154 Nam
391 3089 474 3172 quod
497 3076 639 3172 proxime
666 3090 726 3153 tibi
753 3091 791 3153 de
820 3090 964 3174 epistulis
992 3089 1173 3173 placuerat,
1202 3089 1345 3152 nondum
1367 3089 1424 3152 ad⁷

284 3194 409 3274 patrem
431 3212 535 3253 meum
564 3192 691 3274 pertuli.
738 3190 799 3257 Sed
829 3213 910 3274 cum,
941 3191 988 3254 dis
1014 3190 1210 3271 iuvantibus,
1246 3190 1286 3253 ad
1313 3190 1424 3252 urbem

284 3293 457 3375 veniemus,
482 3293 615 3357 admone
637 3315 688 3356 me
710 3296 746 3356 ut
767 3293 828 3356 tibi
852 3292 971 3376 aliquid
994 3293 1032 3356 de
1055 3292 1172 3380 haere
1194 3313 1331 3355 narrem.
1363 3290 1425 3356 Sed

285 3417 364 3479 quae
387 3397 443 3457 tua
465 3397 498 3456 et
519 3417 590 3457 mea
612 3394 783 3459 meteoria8
807 3397 865 3476 est,
889 3416 992 3477 neque
1014 3396 1051 3456 tu
1072 3415 1123 3457 me
1146 3393 1341 3475 ,admonebis
1370 3415 1424 3456 ne·

285 3518 345 3579 que
368 3517 427 3579 ego
449 3495 508 3557 tibi
530 3496 683 3578 narrabo,
714 3498 809 3579 atque
840 3495 925 3560 enim
953 3517 1063 3558 revera
1091 3517 1169 3578 opus
1198 3493 1343 3557 consulto
1366 3497 1422 3557 est.

284 3596 376 3677 Vale,
400 3618 506 3659 meum
526 3598 665 3679 -quid
692 3597 795 3660 dicam
803 3647 811 3678 ,
843 3596 995 3680 quidquid
1023 3597 1126 3660 dicere
1154 3596 1231 3659 satis
1259 3617 1325 3658 non
1353 3595 1425 3659 est?

285 3736 327 3747 ·-
350 3697 418 3760 vale
440 3720 545 3762 meum
567 3698 767 3781 desiderium,
791 3721 862 3762 mea
886 3696 961 3785 [lux,
985 3696 1067 3785 mea]
1092 3696 1269 3780 voluptas.⁰

372 3918 389 3952 a
407 3904 440 3952 Ia
457 3906 581 3968 receptae:
601 3900 670 3953 Cum
687 3902 849 3956 matercella
866 3919 929 3955 mea
946 3902 1064 3954 multum
1081 3900 1193 3969 garravi
1211 3900 1277 3967 (sie).

372 4128 384 4174 1
405 4120 470 4174 Cod.
490 4139 531 4189 pr.
550 4139 586 4174 m.
605 4127 647 4175 ad.

372 4264 387 4309 2
407 4206 615 4309 Codemllllllb.

528 4340 583 4381 AUT

371 4399 386 4447 3
405 4392 509 4446 Codex:
528 4392 588 4446 ΕΘ.

370 4483 387 4530 4
404 4477 475 4529 Add.
496 4493 548 4530 sec.
568 4495 604 4528 m.

371 4568 387 4616 ὅ
405 4560 504 4630 Incipit
523 4560 588 4615 Cod.
607 4561 671 4614 Vat.
690 4580 717 4630 p.
733 4566 788 4614 184.

372 4652 387 4700 6
404 4646 475 4699 Add.
495 4663 548 4699 sec.
566 4664 602 4698 m.

372 4731 475 4785 rAdd.
494 4747 547 4783 sec,
566 4749 602 4783 m.

372 4821 387 4867 8
404 4815 465 4868 Vox
483 4814 604 4882 repetita
620 4814 649 4867 in
666 4814 809 4883 margine.-

372 4906 387 4954 9
406 4899 545 4971 Scriptum
562 4916 614 4952 sec.
633 4917 669 4955 nr.
