3300 6050
363 851 412 904 AD
430 798 558 906 llERUM
575 850 696 904 IMPER.
716 849 910 905 AURELIUM
927 848 1119 904 CAESAREM
1135 849 1243 904 LIBER
1259 850 1293 904 ΙΙ.
1345 852 1405 916 133

498 1020 560 1085 vl.
580 1088 583 1095 ,
604 1021 756 1086 Domino
778 1019 854 1085 Meo
876 1019 970 1085 Vero
992 1017 1166 1101 Augusto.

348 1189 553 1204 .......
581 1140 604 1224 11
622 1139 719 1202 animi
735 1139 798 1201 mei
813 1138 1055 1221 perturbatione
1070 1160 1136 1202 non
1156 1140 1311 1222 posseml.
1343 1139 1405 1205 Sed

261 1244 401 1326 acceptis
423 1241 540 1304 litteris
556 1241 630 1322 tuis,
656 1261 693 1303 ea
708 1261 742 1302 re
757 1241 823 1303 iam
845 1239 983 1321 primum
1005 1239 1090 1303 bona
1105 1261 1176 1322 spes
1199 1241 1277 1304 mihi
1300 1245 1405 1306 osten-

260 1346 329 1407 tata
351 1346 415 1425 est,
439 1342 522 1426 quod
544 1344 601 1405 tua
622 1363 721 1403 manu
743 1342 933 1423 scripseras:
971 1340 1084 1403 deinde
1106 1341 1190 1423 quod
1212 1347 1285 1424 post
1308 1344 1405 1425 apsti-

260 1445 405 1508 nentiam
427 1443 525 1507 tridui
548 1445 580 1506 et
602 1442 794 1526 sanguinem
816 1441 895 1504 satis
916 1444 1046 1505 strenue
1069 1445 1102 1505 et
1123 1447 1269 1525 prompte
1292 1444 1404 1506 demis-

261 1546 361 1628 6111113,
386 1545 557 1608 liberatum
580 1565 648 1606 esse
670 1545 702 1605 te
724 1543 868 1627 periculo
890 1542 1096 1625 inpendentis
1115 1543 1308 1608 valetudinis
1323 1567 1404 1608 nun-

259 1647 375 1712 tiabas.
420 1645 590 1728 Respirabi
618 1645 719 1729 igitur
741 1647 774 1707 et
795 1645 917 1707 revalui
924 1694 933 1725 ,
958 1646 990 1707 et
1013 1644 1115 1727 apud1
1144 1645 1248 1707 omnis
1271 1645 1402 1730 foculos,

260 1771 343 1830 aras,
367 1750 455 1811 lucos
477 1768 595 1828 saeros,
620 1746 748 1810 arbores
764 1746 924 1825 sacrataS‚
942 1768 1019 1808 nam
1041 1767 1114 1810 rure
1137 1748 1283 1831 agebam,
1308 1748 1404 1830 supli-

214 1884 216 1896 ·
261 1851 359 1913 cavi⁶.
383 1849 427 1911 Et
439 1870 526 1912 nunc
538 1851 671 1930 expecto
684 1868 877 1932 cognoscere
893 1868 931 1909 ex
946 1848 1010 1910 tuis
1025 1847 1152 1930 litteris,
1170 1853 1326 1931 quantum
1341 1871 1404 1912 me-

261 1951 323 2014 dici
344 1950 399 2012 isti
415 1950 481 2013 dies
498 1951 716 2032 promoverint
732 1949 771 2011 ad
786 1948 870 2011 vires
891 1948 1090 2012 reficiendas.
1121 1949 1295 2013 Enimvero
1317 1971 1404 2012 nunc

259 2053 378 2115 maiore
400 2051 501 2114 multo
525 2072 600 2113 eura
622 2050 854 2134 diligentiaque
877 2070 955 2131 opus
978 2052 1027 2112 est
1034 2100 1042 2131 ,
1067 2052 1103 2112 ut
1125 2051 1283 2133 paulatim
1304 2053 1405 2114 temet

261 2153 454 2235 compleam,
489 2174 549 2215 neo
576 2173 726 2235 properes
756 2151 796 2214 ad
826 2151 1018 2214 detrimenta
1047 2151 1162 2213 virium
1190 2152 1402 2216 resarcienda.

260 2254 345 2317 Nam
366 2255 399 2317 id
421 2254 547 2337 quidem
569 2253 710 2316 omniurn
733 2252 884 2335 opinione
906 2253 1104 2334 compertum
1119 2255 1152 2315 et
1166 2253 1321 2316 traditum
1343 2257 1401 2335 est,

260 2355 468 2439 sanguinem,
492 2354 547 2418 ubi
570 2354 728 2436 abundet,
760 2353 916 2417 incursim
938 2351 1185 2435 detrahendum,
1217 2357 1328 2436 postea
1349 2376 1403 2438 pe-

261 2458 450 2540 detemptim
473 2478 539 2519 esse
562 2455 806 2538 reparandumb.

343 2557 424 2641 Fae,
449 2561 557 2621 orote
580 2559 613 2620 et
634 2556 775 2639 obsecro,
799 2555 953 2639 Domine,
978 2556 1061 2639 quod
1082 2560 1138 2620 tuo
1161 2557 1291 2640 egregio
1313 2558 1402 2642 inge-

259 2662 313 2725 nio
335 2661 426 2723 decet
433 2709 441 2742 ,
465 2662 623 2743 temperes
646 2660 679 2721 et
699 2679 848 2741 reparoas
864 2660 896 2721 et
910 2658 1101 2722 modificans
1116 2658 1280 2723 desideriis
1302 2660 1402 2723 omni-

260 2762 337 2844 bus,
367 2783 448 2845 quae
475 2783 563 2824 nunc
585 2760 708 2823 acriora
731 2759 823 2823 solito
851 2764 883 2823 et
908 2760 1093 2842 procaciore
1115 2761 1251 2830 existere
1272 2783 1401 2825 neeesse

260 2866 308 2926 est
330 2865 403 2946 post
425 2861 666 2946 apstinentiam,
690 2883 753 2944 qua
775 2861 955 2925 necessario
977 2861 1013 2924 in
1034 2862 1216 2947 temllpore
1237 2886 1313 2927 usus
1336 2865 1399 2928 es⁷.

259 2963 405 3029 Fratrem
425 2964 588 3028 dominum
603 2963 708 3027 saluta
715 2951 738 3046 8}
762 2985 857 3048 quern
879 2963 999 3028 salvom
1020 2962 1170 3049 habebis,
1195 2964 1222 3029 si
1244 2967 1279 3029 tu
1295 2966 1401 3030 salvus

259 3068 331 3131 eris.
376 3066 458 3131 Vale
480 3066 617 3129 Domine
639 3064 831 3128 dulcissime.

487 3200 571 3266 vll.
609 3199 702 3265 Vero
724 3197 887 3281 Augusto
909 3200 1060 3266 Domino
1081 3200 1169 3267 Meo.

343 3321 470 3396 Quanta
492 3322 524 3383 et
546 3340 643 3404 quarn
667 3321 759 3382 vetus
780 3318 985 3382 familiaritas
1013 3318 1093 3382 mihi
1120 3319 1299 3383 intercedat
1328 3343 1398 3384 cum

259 3422 360 3486 Gavio
384 3422 492 3505 Clare,
522 3420 773 3503 meminissem,
798 3419 951 3503 Domine,
975 3420 1122 3484 arbitror.
1167 3420 1219 3484 Ita
1241 3444 1336 3506 saepe
1359 3424 1397 3485 de

303 3599 306 3604 ·
342 3591 359 3628 a
377 3579 410 3627 In
422 3581 545 3642 carpine:
562 3571 668 3627 Maiore
678 3587 747 3641 opus
757 3574 801 3626 est
810 3571 956 3640 diligentia
965 3574 996 3624 ut
1005 3571 1141 3639 paulatun
1149 3573 1238 3627 temet
1247 3574 1395 3641 compleas.

341 3659 360 3711 b
379 3664 412 3712 In
430 3664 553 3726 nzurpine:
573 3655 742 3725 Sanguinem
761 3686 792 3694 —
810 3657 1006 3725 reparandum.

343 3794 475 3863 llncipit
493 3792 559 3847 Cod.
578 3801 607 3862 pj
624 3797 682 3846 434.
793 3838 794 3841 ,

342 3886 356 3931 2
376 3878 485 3947 Scripta
504 3879 547 3931 est
563 3877 633 3930 haec
651 3875 772 3945 epistula
789 3877 825 3930 ad
843 3876 954 3943 Verum,
974 3877 1105 3944 quidum
1123 3877 1159 3931 ad
1173 3878 1278 3931 bellum
1289 3878 1397 3933 Parthi-

258 3981 320 4016 oum
337 3962 571 4031 proficisceretur,
599 3960 710 4014 Canusii
729 3961 764 4013 ob
782 3960 1028 4029 intemperantiam
1046 3960 1212 4029 aegrotavit.
1249 3961 1396 4031 Temporis

258 4049 350 4101 autem
368 4048 445 4100 nulla
462 4046 560 4099 habita
577 4044 650 4098 ratio
669 4047 723 4112 est,
750 4047 781 4098 ut
798 4044 888 4110 vides,
915 4045 951 4098 ab
973 4044 1020 4097 illo
1039 4047 1133 4100 vetere
1150 4046 1261 4100 homine
1280 4047 1328 4115 qui
1345 4048 1396 4102 has

256 4131 390 4200 epistulas
408 4129 553 4199 disposuit.
590 4134 684 4182 Maius.
1301 4182 1304 4189 ,

340 4214 450 4269 3C0rr.
475 4220 594 4268 emissura.
632 4218 805 4281 Heindorfius.
841 4212 953 4279 Medici,
976 4215 1092 4267 notante
1109 4214 1282 4281 Eoksteinio‚
1300 4216 1395 4270 dicunt

254 4306 400 4368 sanquinem
417 4306 523 4360 rainere,
544 4299 576 4351 cf.
596 4297 665 4351 Cels.
685 4298 719 4350 ll.
739 4305 778 4352 10.

341 4390 357 4436 4
375 4384 418 4436 lta
437 4382 536 4448 Codex,
554 4399 611 4436 non
629 4394 699 4450 aput.

340 4467 417 4520 51ta
436 4466 535 4520 Coderr.
571 4465 637 4519 Mox
654 4466 791 4535 Hauptius
810 4467 955 4520 emendat:
980 4477 1075 4534 expeto
1094 4486 1248 4533 capnoscere
1271 4468 1299 4520 et
1317 4474 1394 4521 aredii

254 4557 296 4604 isli
314 4556 376 4604 dies.

337 4642 354 4687 6
372 4635 473 4703 Incipit
491 4635 556 4689 Cod.
574 4653 601 4703 p.
620 4640 678 4687 433.

339 4724 353 4771 7
373 4717 477 4772 Codex:
496 4730 543 4771 est.

338 4801 510 4857 8Videlicet
533 4802 569 4856 ad
589 4801 733 4856 visendum
755 4803 860 4857 Verum
888 4806 1082 4871 aegrotantem
1107 4805 1217 4858 Marcus
1244 4803 1405 4859 Canusium

255 4886 444 4940 contenderat.
481 4885 628 4955 Capitolin.
648 4886 677 4939 in
694 4886 768 4940 Vero
787 4904 809 4941 c.
830 4894 854 4940 6.
892 4892 987 4941 illatus.
