3300 6050
657 891 706 945 AD
724 890 858 946 AMICOS
879 891 987 945 LIBER
1004 892 1024 945 Ι.

426 1146 509 1212 VII.
547 1148 683 1213 Fronto
706 1145 848 1213 Aufidio
869 1147 1056 1214 Victorino
1080 1143 1255 1212 Salutem.

352 1285 539 1348 Antoninus
567 1284 700 1368 Aquila¹
722 1285 770 1348 vir
792 1285 904 1347 doctus
926 1287 975 1348 est
997 1288 1029 1348 et
1050 1284 1218 1348 facundus.
1264 1284 1354 1360 Quod
1374 1289 1411 1349 tu

268 1387 371 1451 dicas:
401 1387 559 1450 audistine
575 1409 647 1450 eum
669 1385 973 1450 declamitantem²?
994 1408 1060 1450 non
1082 1386 1204 1450 medius
1227 1387 1320 1450 fidius
1342 1388 1411 1472 ipse

269 1489 390 1572 audivi,
420 1490 475 1553 sed
499 1489 617 1553 credidi
640 1489 883 1552 adfirmantibus
915 1489 948 1552 id
973 1488 1166 1552 doctissimis
1194 1492 1226 1552 et
1254 1489 1411 1553 honestis-

269 1592 357 1655 simis
386 1590 525 1655 etmihi
548 1591 720 1655 carissimis
747 1591 839 1673 viris,
868 1613 947 1674 quos
975 1593 1008 1654 et
1035 1590 1175 1654 iudicare
1204 1594 1290 1655 recte
1318 1614 1411 1676 posse

270 1696 302 1757 et
324 1715 362 1757 ex
385 1692 484 1756 animi
506 1694 668 1757 sententia
689 1693 910 1756 testimonium
931 1693 1099 1775 perhibere
1123 1695 1209 1756 certo
1231 1693 1306 1756 scio.
1349 1693 1411 1757 Ve-

268 1795 340 1877 lim,
365 1795 507 1877 domine,
535 1798 572 1858 ut
595 1795 723 1858 adiuves
747 1817 834 1876 eum,
860 1816 922 1878 quo
943 1794 1071 1858 facilius
1092 1797 1128 1858 in
1151 1795 1281 1858 civitate
1306 1794 1412 1879 aliqua

268 1897 361 1960 istius
392 1897 595 1980 provinciae3
623 1897 750 1980 publice
782 1896 990 1961 instituendis
1025 1896 1282 1961 adulescentibus
1312 1896 1412 1961 adsci-

269 2003 386 2062 scatur.
418 1998 565 2083 lmpense
587 1999 673 2062 istud
695 2021 714 2062 a
735 2003 767 2062 te
790 2002 880 2082 peto:
903 1998 1050 2061 fautum⁴
1073 1999 1158 2062 enim
1181 1999 1318 2082 Aquilae
1340 1999 1412 2063 volo

268 2101 398 2165 honoris
421 2123 530 2164 eorum
559 2091 669 2182 causa,
692 2101 753 2184 „qui
783 2123 841 2184 pro
864 2121 900 2163 eo
923 2100 1061 2163 studiose
1083 2099 1247 2164 laborant:
1283 2123 1344 2165 nec
1365 2101 1412 2165 ita

270 2204 298 2266 ei
321 2203 487 2266 studerent
501 2203 656 2287 profecto,
680 2202 764 2265 nisi⁵
779 2202 914 2286 dignum
935 2204 1027 2264 tanto
1043 2203 1148 2265 studio
1164 2201 1412 2287 arbitrarentur3

268 2327 338 2387 nec,
363 2305 426 2368 nisi
447 2304 632 2368 facundiam
647 2304 714 2367 eius
730 2325 926 2387 magnopere
941 2303 1125 2386 probarent,
1149 2303 1210 2366 tibi
1233 2325 1305 2367 eum
1328 2326 1411 2368 com-

268 2406 439 2470 mendane6
454 2409 623 2490 tantopere
645 2405 856 2490 postularent,
881 2426 977 2489 quom
991 2408 1024 2468 te
1039 2404 1264 2489 gravissimum
1282 2409 1315 2469 et
1337 2428 1411 2490 pru·

270 2508 492 2572 dentissimum
513 2509 669 2572 iudicem⁷
687 2529 757 2571 cum
780 2505 915 2571 aliarum
936 2529 1052 2589 rerum,
1076 2511 1146 2571 tum
1167 2507 1218 2571 vel
1239 2509 1411 2592 praecipue

269 2610 469 2694 eloquentiae
492 2612 604 2674 sciant.
650 2609 721 2694 Ego
744 2631 818 2673 vero
841 2612 938 2672 etiarn
960 2608 1110 2673 nomine8
1125 2609 1264 2673 hominis
1286 2610 1379 2674 faveo
1387 2623 1410 2693 ³,

269 2716 305 2775 ut
327 2712 369 2776 sit
391 2713 537 2794 ῥητόρων
561 2712 696 2795 ἄρκτος,
719 2712 870 2795 quoniam
892 2711 1020 2795 quidem
1036 2712 1154 2795 Aquila
1177 2712 1367 2796 appellatur.

440 2880 545 2947 VIII.
589 2882 726 2947 Fronto
748 2881 919 2948 Passieno
941 2875 1037 2947 sua
1061 2878 1236 2948 Salutem.

354 3016 510 3081 Aemilius
533 3016 609 3081 Pius
639 3040 710 3082 eum
738 3017 956 3103 studiol⁹rum
983 3017 1161 3103 elegantia,
1190 3021 1260 3082 tum
1287 3042 1411 3084 morum

270 3118 386 3181 eximia
407 3119 567 3201 probitate
589 3119 670 3184 mihi
686 3141 778 3183 carus
801 3123 860 3183 est.
894 3118 1088 3183 Commendo
1111 3141 1183 3183 eum
1204 3120 1275 3203 tibi,
1299 3122 1409 3185 frater.

269 3219 338 3284 Nec
365 3220 480 3304 ignoro
511 3220 636 3284 nullum
658 3221 761 3284 adhue
789 3222 875 3285 inter
903 3243 963 3284 nos
995 3224 1106 3284 mutuo
1138 3222 1412 3285 scribtitantem¹⁰

354 3462 422 3511 alu
440 3464 563 3527 murpine:
590 3458 682 3513 Faveo
699 3458 748 3512 illa
765 3475 803 3512 re.

356 3685 368 3732 1
387 3680 488 3748 Aquila
505 3680 618 3734 natione
640 3680 747 3748 galata,
770 3677 919 3748 discipulus
938 3677 1058 3746 Chresti,
1081 3679 1177 3732 rhetor
1198 3679 1411 3748 probatissimus

271 3764 345 3832 apud
361 3763 562 3818 Philostratum
579 3765 609 3817 in
627 3764 751 3818 Chresto
788 3763 918 3832 Aquilam
937 3766 1077 3817 oratorem
1099 3761 1168 3817 citat
1186 3762 1349 3817 Consentius
1367 3764 1409 3817 ed.

271 3849 381 3902 Putseh.
400 3868 427 3918 p.
442 3855 516 3903 2026.
538 3849 655 3918 Aquilae
667 3849 786 3902 Romani
803 3848 939 3902 habemus
956 3847 1082 3901 libellum
1095 3854 1127 3902 de
1141 3854 1231 3917 fipums
1244 3851 1295 3903 cet.
1315 3853 1411 3903 Maius.

261 3940 263 3944 ’
355 3940 371 3985 '2
389 3934 432 3986 lta
450 3931 552 4002 Codex,
571 3950 627 3987 non
645 3940 832 3988 declamantem.

355 4024 370 4071 3
388 4017 557 4071 Litterarum
574 4017 603 4070 in
622 4016 712 4072 Callia
730 4018 807 4072 sedes
825 4018 975 4072 secundum
991 4017 1138 4071 Frontonis
1156 4018 1231 4088 apud
1248 4019 1278 4071 P.
1293 4017 1411 4073 Consen-

269 4100 340 4154 tium
357 4100 546 4169 fragmentum
563 4102 656 4156 Remis
674 4102 884 4171 (Durocortoro)
902 4102 1012 4156 videtur
1028 4102 1121 4155 fuisse.
1137 4082 1281 4165 iAufidius
1298 4120 1411 4172 praeses
1445 4090 1453 4120 '
1479 4133 1481 4140 ·
1527 4103 1566 4174 i„-·¹

271 4186 331 4239 erat
348 4185 376 4237 in
396 4186 545 4241 Germania
561 4187 695 4240 Romana.
733 4191 894 4242 Niebutrias.
1137 4193 1150 4204 ”
1548 4180 1553 4210 ”

353 4276 370 4323 4
389 4269 493 4325 Codex:
511 4276 614 4339 facerim.
650 4270 776 4325 Correxit
793 4270 975 4325 Heindorfius.

355 4360 370 4409 5
389 4354 454 4408 Cod.
473 4374 515 4425 pr.
535 4374 572 4409 rn.
588 4360 767 4425 profectionis.

355 4446 370 4493 6
388 4439 418 4494 F.
438 4446 614 4495 commendari.
650 4446 809 4495 Niebubm'us.

355 4531 368 4579 7
388 4526 489 4579 Recole
508 4525 544 4579 ad
561 4524 598 4578 Μ.
618 4523 764 4580 Caesarem
782 4524 829 4580 IV.
850 4532 889 4580 13.
926 4531 1021 4580 Maius.

354 4615 370 4663 8
387 4609 575 4664 Heindorfiusz
595 4616 688 4664 nomini
704 4611 748 4664 vel
766 4609 987 4664 subaudiendum
1005 4614 1036 4663 ei.

354 4701 369 4748 9
387 4695 488 4764 Incipit
506 4694 572 4749 Cod.
591 4713 618 4764 p.
638 4702 696 4763 320,
715 4696 840 4749 obscura.

338 4786 370 4833 10
387 4780 431 4834 Ita
449 4780 549 4833 Codex.
585 4779 787 4849 Reponendnm
803 4783 968 4832 coniectandi
983 4778 1028 4832 vel
1044 4781 1246 4832 scriblitautimn.
1274 4778 1335 4831 Hoc
1352 4796 1409 4833 ma-

269 4865 329 4918 vult
345 4865 529 4931 Heindorfius,
547 4864 668 4917 laudatis
686 4864 773 4918 Tacit.
793 4865 892 4918 Annal.
906 4863 939 4917 Π.
956 4870 982 4929 1;
1000 4862 1071 4916 Hist.
1085 4862 1105 4915 I.
1119 4868 1148 4928 43
1165 4862 1258 4931 Agric.
1271 4861 1328 4917 Vit.
1343 4881 1365 4917 c.
1379 4870 1408 4929 43

270 4948 340 5003 Dial.
360 4950 394 5003 de
413 4950 489 5003 Orat.
510 4956 550 5003 29.
587 4950 737 5005 Praeterea
754 4950 783 5003 in
801 4948 902 5003 Codice
919 4967 961 5019 pr.
981 4967 1017 5001 m.
1035 4948 1078 5002 bis
1097 4946 1208 5016 scripsit
1224 4967 1301 5002 amni.

1144 5032 1206 5096 12*
