3300 6050
593 870 642 923 AD
660 866 794 922 AMICOS
811 867 921 921 LIBER
938 867 971 919 Il.
1293 864 1354 926 189

216 1044 295 1130 ¹[oui
313 1042 464 1107 Callistus
486 1038 646 1127 lacrimas]
666 1090 672 1101 .
692 1089 698 1102 .
719 1089 726 1102 .
750 1041 900 1121 patrem.
927 1086 934 1099 .
959 1036 1094 1119 adeptus
1117 1055 1150 1097 es
1170 1083 1177 1096 .
1198 1081 1205 1095 .
1229 1032 1304 1116 quia
1321 1081 1353 1095 ..

213 1146 367 1231 gaudeo.
394 1145 489 1206 ‚et.
515 1191 522 1204 .
552 1141 646 1204 hodie
670 1190 677 1203 .
704 1191 710 1202 .
736 1160 803 1202 esse
828 1139 855 1201 si
899 1138 1025 1201 hodie.
1053 1157 1205 1200 nene.
1232 1185 1272 1197 ..
1317 1134 1355 1196 In

212 1248 318 1310 forum
346 1243 510 1309 deseendit
537 1242 700 1305 natalibus
728 1239 862 1321 nobilis,
893 1239 931 1302 de
958 1239 1029 1302 foro
1057 1238 1153 1301 rediit
1175 1235 1357 1318 eloquentia

213 1371 309 1433 quam
331 1368 450 1431 genere
472 1343 639 1407 nobilior².

542 1468 619 1540 Lepi
640 1466 809 1524 Emendavi
828 1467 882 1539 qni
901 1459 1026 1539 sapiat

630 1597 674 1662 M.
697 1594 946 1660 FRONTONIS

495 1720 799 1782 EPISTULARUM
828 1719 887 1778 AD
916 1718 1076 1778 AMICOS

712 1815 818 1868 LIBER
835 1815 856 1868 Ι.

663 1917 911 1983 FRONTONIS

569 2019 825 2075 EPISTULARUM
842 2018 951 2072 LIBER
968 2018 1002 2071 II.

782 2265 793 2270 ..
805 2262 890 2271 --nun

382 2445 711 2514 ⁴EPISTULARUM
741 2446 801 2509 An
825 2444 989 2509 AMIOOS
1019 2442 1138 2508 LIBRI
1160 2443 1192 2506 ΙΙ

718 2598 855 2651 rnnnx.

220 2729 232 2776 l
256 2726 386 2777 Volumnio
405 2724 545 2786 Quadrato.
818 2723 833 2770 7
855 2721 934 2769 Amin
953 2721 1088 2770 Antonino.

286 2807 398 2860 Secreto
416 2803 552 2858 habebo⁵.
870 2800 948 2855 Sient
966 2817 1014 2854 eos
1032 2801 1088 2868 qui.

218 2899 233 2945 2
256 2896 386 2947 Volumnio
405 2893 546 2955 Quadrato.
818 2892 835 2939 8
854 2892 935 2941 Arrio
954 2892 1093 2941 Antom'no.

286 2973 435 3031 Castricius
453 2975 554 3027 noster.
870 2971 1002 3026 Gratulor
1018 2969 1087 3025 mihi
1104 2972 1261 3041 plerosque.

218 3071 234 3117 3
256 3068 386 3116 Volumnio
406 3063 546 3123 Quadrato.
819 3064 835 3109 9
856 3062 938 3111 Arrio
957 3061 1097 3111 Antonino.

285 3146 398 3214 Legam,
416 3144 462 3197 fili.
870 3140 1036 3195 Valerianus
1057 3140 1198 3196 Clitianus.

217 3238 234 3283 4
254 3234 371 3285 Cornelr'n
389 3234 540 3297 Repentino.
805 3231 837 3279 10
857 3229 985 3278 IIIVr‘m's
1004 3237 1030 3279 et
1049 3231 1241 3281 Decurionibus.

286 3314 400 3380 Fecisti,
418 3314 506 3368 frater
524 3310 662 3366 Contucci.
871 3310 951 3363 Meae
969 3309 1075 3378 gloriae
1092 3310 1189 3364 totius.

219 3408 234 3455 5
252 3402 360 3469 [Gavio]
378 3403 502 3455 Maximo.
806 3401 835 3448 ll
857 3399 908 3448 III
912 3399 939 3448 V
937 3402 984 3449 r‘rr's
1002 3407 1027 3449 et
1046 3400 1239 3450 Decurionibus.

288 3484 367 3553 (Cum
385 3482 563 3552 gravitatem)
571 3485 589 3536 ⁶.
873 3479 999 3545 Quantae
1017 3479 1086 3533 mihi
1103 3497 1185 3534 curae
1191 3484 1210 3534 ⁷.

219 3578 235 3625 6
255 3575 335 3624 Arrio
354 3573 492 3623 Antonino.

286 3655 405 3708 Multum
422 3651 582 3707 amicorum.

305 3908 407 3962 1inn
428 3908 529 3962 lacuna
551 3910 594 3961 est
616 3925 743 3963 versuum
760 3906 863 3974 XXVI,
885 3924 1003 3976 quorum
1024 3924 1080 3961 non
1098 3907 1151 3961 nisi
1168 3923 1258 3976 pauca
1275 3907 1362 3961 verba

221 3996 374 4063 aucupatus
392 4011 460 4047 sum.
497 3996 592 4047 Maius.

304 4086 320 4133 2
338 4079 414 4133 Haeo
431 4076 529 4131 ultima
546 4077 685 4133 sententia
702 4094 717 4131 e
735 4078 863 4148 margine
882 4081 933 4132 est.

305 4171 320 4218 3
339 4161 511 4232 Subscriptio
528 4162 612 4216 hodie
629 4162 722 4233 periit.

305 4256 322 4303 4
339 4247 440 4316 Incipit
457 4245 523 4301 Cod.
541 4266 569 4317 p.
589 4254 647 4314 292,
667 4247 873 4314 obscurissima,
892 4264 963 4317 quae
981 4248 1027 4302 vix
1045 4246 1164 4301 conferri
1182 4247 1282 4316 potuit.

306 4340 322 4388 b
339 4334 383 4387 Ita
400 4332 530 4400 legebam
546 4332 576 4385 in
592 4331 692 4386 iudice.
718 4332 784 4386 Mox
800 4333 943 4388 tamenin
961 4332 1057 4387 ordine
1076 4331 1222 4386 evidentur
1239 4344 1363 4387 secretum

221 4422 336 4473 servabo.
373 4422 468 4471 Maius.

306 4508 322 4555 6
339 4501 393 4555 Vix
410 4501 508 4556 dubito
527 4502 593 4570 quin
610 4501 680 4556 haec
697 4501 781 4555 fuerit
798 4501 848 4555 illa
860 4502 987 4571 epistula,
1006 4518 1090 4570 quam
1109 4500 1173 4555 dedi
1189 4502 1219 4554 in
1235 4501 1308 4554 libro
1327 4500 1364 4556 ad

222 4587 314 4655 Pium,
341 4586 407 4657 quia
427 4586 485 4640 illic
506 4587 535 4640 et
557 4587 688 4640 contenta
709 4585 762 4640 fuit
784 4587 813 4640 et
835 4603 898 4641 eam
915 4586 1035 4641 retinere
1053 4584 1131 4640 licuit
1148 4586 1265 4655 propter
1282 4602 1364 4653 argu·

222 4671 310 4726 menti
327 4672 369 4726 sui
385 4673 523 4726 naturam.
560 4676 654 4729 Maius.

308 4764 322 4811 I
341 4756 449 4811 Codicis
471 4754 592 4826 spatium
619 4755 797 4810 obscuratum
818 4756 892 4810 inter
916 4754 1052 4825 epistulae
1075 4765 1185 4824 quantae
1207 4760 1265 4809 arilli
1286 4775 1363 4809 ennae

222 4840 335 4895 titulum
356 4841 520 4910 initiumque
542 4840 608 4895 libri
625 4858 681 4895 non
698 4841 760 4910 plus
779 4840 855 4910 capit
877 4857 962 4909 quam
984 4841 1109 4907 quatuor¹
1126 4839 1244 4895 aliarum
1261 4839 1363 4908 epistu-

223 4924 312 4978 larum
321 4925 426 4992 titulos,
440 4926 463 4980 si
472 4928 566 4981 tamen
577 4924 607 4978 id
618 4926 739 4995 spatInm
750 4927 843 4979 totum
855 4925 994 4995 scriptura
1006 4925 1171 4995 occupatum
1183 4923 1244 4979 fuit.
1270 4929 1365 4981 Μαίας.

345 5083 356 5118 b
