3300 6050
281 852 342 914 114
487 849 524 903 M.
545 847 713 903 CORNELII
731 849 937 905 PRONTONIS
955 849 1211 906 EPISTULARUM

277 1020 433 1104 Lucilius,
457 1021 613 1085 Albucius
636 1022 758 1105 aridus,
788 1021 933 1085 sublimis
955 1021 1137 1105 Lucretius,
1171 1023 1338 1086 mediocris
1360 1022 1420 1088 Pa-

278 1122 419 1205 cubius¹,
443 1122 620 1206 inaequalis
643 1123 777 1206 Accius,
801 1122 928 1186 Ennius
950 1123 1178 1187 multiformis?
1221 1124 1419 1188 Historiama

276 1246 400 1308 quoque
423 1224 578 1288 scribsere
594 1223 764 1288 Sallustius
787 1227 919 1306 structe,
936 1224 1052 1288 Pictor
1069 1225 1244 1308 incondite,
1269 1225 1419 1290 Claudius

276 1326 395 1409 lepide,
424 1327 542 1390 Antias
564 1326 750 1408 invenuste,
780 1325 954 1390 Seisenna²
982 1326 1172 1411 longinque,
1204 1328 1311 1391 verbis
1339 1327 1419 1392 Cato

275 1428 465 1512 multiiugis
477 1453 479 1458 ¹
490 1426 614 1496 Coelius
634 1428 779 1512 singulis.
815 1427 1048 1492 Contionaturb
1072 1432 1179 1492 autem
1195 1427 1274 1492 0010
1289 1429 1416 1511 infeste,

276 1529 440 1594 Gracchus
462 1529 658 1612 turbulente,
682 1529 805 1593 Tullius
830 1530 965 1613 copiose.
1003 1529 1072 1592 Iam
1094 1531 1128 1593 in
1150 1529 1295 1593 iudiciisc
1317 1531 1418 1594 saevit

274 1632 359 1695 idem
382 1630 470 1714 0010,
501 1631 679 1715 triumphat
706 1630 826 1712 Cicero,
855 1631 1070 1694 tumultuatur
1092 1630 1267 1713 Gracchus
1302 1631 1417 1695 Calvus

273 1733 406 1796 rixatur.

360 1834 421 1899 Sed
440 1834 520 1898 haec
543 1834 688 1917 exempla
702 1834 840 1899 fortasse
857 1838 1054 1899 contemnas.
1084 1833 1191 1909 Quid?
1213 1833 1416 1918 philosophid

273 1936 333 2020 ipsi
362 1958 471 2001 nonne
493 1937 617 1999 diverso
640 1957 757 2020 genere
780 1937 934 2001 orationis
956 1937 1004 2000 usi
1028 1935 1128 2000 sunt?
1166 1935 1271 1999 Zeno3
1296 1936 1335 1998 ad
1363 1936 1415 1999 dou

275 2039 410 2102 cendum
431 2037 647 2121 planissimus,
671 2037 818 2115 Socrates
843 2039 882 2101 ad
898 2038 1136 2122 coarguendum
1152 2037 1414 2120 captiosissimuS,

273 2139 435 2223 Diogenes
464 2140 503 2202 ad
527 2139 551 2223 l⁴
572 2139 831 2223 exprobrandum
851 2139 1126 2223 promptissimus,
1155 2137 1339 2202 Heraclitus
1361 2139 1414 2200 ob-

273 2263 383 2306 scurus
419 2240 580 2305 involvere
613 2241 736 2323 omnia,
775 2240 980 2325 Pythagora⁵
1016 2240 1169 2303 mirificus
1207 2239 1415 2302 clandestinis

272 2343 374 2428 signis
397 2344 521 2406 sancire
544 2343 665 2425 omnia,
702 2341 918 2407 Clitomachus
947 2364 1065 2426 anceps
1092 2342 1127 2405 in
1151 2340 1281 2403 dubium
1302 2362 1415 2404 vocare

274 2446 391 2509 omnia.
436 2443 596 2520 Quidnam
617 2444 718 2529 igitur
746 2447 882 2529 agerent
907 2444 962 2508 isti
989 2444 1052 2527 ipsi
1085 2443 1314 2525 sapientissimi
1341 2442 1412 2523 tari,

274 2547 301 2610 si
323 2547 361 2610 de
384 2546 594 2630 suoquisque
616 2567 703 2609 more
726 2549 821 2630 atque
843 2546 992 2609 instituto
1015 2543 1268 2608 deducerentur?
1304 2542 1413 2606 Socra-

272 2653 320 2711 tes
343 2670 384 2712 ne
408 2650 610 2732 coargueret,
641 2646 789 2710 Zenone
812 2648 1019 2730 disceptaret,
1053 2645 1215 2729 Diogenes
1243 2667 1284 2708 ne
1312 2645 1413 2707 incre-

271 2752 379 2833 paret,
404 2749 522 2832 nequid
543 2747 729 2832 Pythagora
751 2749 907 2830 sanciret,
935 2747 1052 2831 nequid
1074 2746 1258 2810 Heraclitus
1282 2746 1413 2808 abscon-

272 2852 370 2933 deret,
394 2849 513 2933 nequid
536 2847 752 2914 Clitomachus
776 2851 963 2935 ambigeret.

357 2950 418 3016 sed
440 2973 481 3015 ne
502 2951 535 3014 in
560 2952 663 3036 prima
685 2952 748 3015 ista
770 2955 863 3037 parte
885 2951 1003 3014 diutius
1019 2972 1114 3035 quam
1130 2949 1286 3033 epistulae
1301 2950 1412 3011 modus

271 3055 413 3139 postulat
441 3076 683 3137 commoremur,
721 3057 848 3137 tempus
877 3056 926 3117 est
952 3054 991 3116 de
1018 3053 1142 3116 verbis⁰
1170 3052 1309 3136 primum
1336 3051 1412 3134 quid

272 3178 401 3221 censeas
430 3157 638 3221 considerare.
688 3155 750 3219 Dic
771 3156 862 3219 sodes
883 3154 945 3218 hoc
963 3154 1059 3236 mihi,
1089 3158 1254 3236 utrumne,
1282 3152 1412 3215 tametsi

162 3245 166 3252 ⁶
271 3259 340 3322 sine
362 3258 426 3321 ullo
449 3257 557 3321 labore
581 3280 618 3321 ac
640 3257 744 3321 studio
771 3279 843 3321 meo
871 3257 968 3321 verba
994 3255 1074 3319 mihi
1102 3255 1301 3340 elegantiora
1327 3254 1411 3316 ultro

270 3363 483 3442 occurrerent,
508 3360 687 3443 spernenda
711 3380 820 3422 censes
844 3381 882 3422 ac
896 3356 1117 3442 repudianda?
1146 3356 1201 3419 An
1217 3378 1288 3420 cum
1303 3355 1411 3418 labore

270 3462 397 3545 quidem
419 3464 451 3524 et
473 3461 578 3524 studio
600 3461 796 3545 investigare
817 3460 916 3524 rerba
931 3458 1093 3543 elegantia
1112 3457 1276 3542 prohibes,
1301 3457 1411 3520 eadem

269 3584 360 3644 vero,
390 3562 415 3625 si
444 3562 545 3644 ultro,
575 3562 603 3624 si
630 3562 753 3625 iniussu
781 3564 877 3644 atque
905 3562 1056 3626 invocatu
1082 3580 1154 3621 meo
1181 3558 1344 3639 venerint,
1374 3561 1411 3620 ut

269 3663 470 3727 Menelaumf
495 3663 535 3725 ad
557 3661 696 3746 epulasl’,
721 3663 848 3747 quidem
863 3661 963 3745 recipi
985 3659 1098 3724 iubes?
1128 3659 1213 3723 Nam
1235 3660 1321 3722 istud
1343 3659 1409 3741 qui-

353 3883 371 3920 a
388 3870 422 3919 Ia
439 3873 562 3932 marpine:
582 3851 653 3929 Quid
671 3864 795 3919 historici
811 3864 957 3934 proprium
974 3864 1087 3918 habent.

353 3951 371 4004 b
390 3955 424 4003 In
442 3956 565 4018 rnarpiae:
584 3950 625 4004 De
644 3949 864 4004 concionantium
881 3947 1010 4018 propriis.

354 4052 367 4087 c
390 4038 423 4087 In
441 4040 564 4102 rrarpr’ne:
584 4032 659 4098 Quae
677 4033 707 4087 in
725 4032 888 4102 [causidicis]
908 4031 1022 4101 singulis
1039 4031 1141 4086 fuerint
1158 4029 1280 4100 propria.

353 4119 371 4171 d
393 4123 422 4179 lo
441 4125 565 4187 marytre:
583 4119 619 4171 Et
635 4118 794 4188 philosophi
813 4116 921 4171 diverso
940 4133 1042 4185 genere
1061 4117 1144 4184 atque
1163 4113 1289 4169 oratione
1307 4115 1356 4168 usi.

353 4222 367 4258 0
389 4208 422 4257 In
440 4211 564 4270 marytre:
583 4204 662 4257 Nunc
680 4203 714 4256 de
731 4202 833 4257 verbis.

354 4290 367 4342 f
388 4293 421 4341 In
439 4294 563 4357 carpine:
582 4288 723 4341 Menelaus
740 4287 886 4340 invocatus
904 4287 940 4342 ad
958 4286 1054 4355 epulas
1071 4284 1148 4339 venit
1166 4287 1194 4338 et
1212 4285 1338 4353 receptus
1355 4285 1405 4337 est.

354 4484 365 4529 1
386 4475 451 4529 Ccd.
471 4490 523 4528 sec.
544 4493 579 4528 m.
599 4480 733 4529 Pacuvius.

278 4603 280 4607 .
351 4567 366 4613 2
385 4559 450 4613 Cod.
472 4576 524 4613 sec.
544 4577 579 4613 m.
601 4562 718 4613 Sisenna.

352 4652 367 4699 3
386 4644 490 4698 Codex:
511 4648 592 4705 Xeno,
611 4642 684 4695 infra
703 4648 780 4697 Zeno.

350 4735 367 4781 4
384 4728 485 4797 Incipit
502 4726 569 4781 0011.
587 4726 651 4780 Vat.
671 4744 698 4795 p.
712 4732 736 4780 4.

350 4814 428 4950 11111ι
438 4811 545 4950 00111601
566 4895 701 4965 repetitur
727 4901 849 4949 venerint.
897 4894 1039 4949 Librarius
1065 4892 1158 4962 priore
1184 4893 1246 4946 loco
1273 4892 1406 4947 delevisse
