3300 6050
492 874 542 926 Al)
559 874 595 927 M.
615 873 836 927 ANTONINUM
853 873 902 926 DE
920 871 1172 926 ORATIONIBUS.
1342 877 1400 939 157

154 1098 156 1102 .
261 1047 310 1106 ter
332 1055 455 1126 quoque
477 1043 643 1106 nonnulla.
688 1043 797 1106 Etiam
819 1043 991 1106 lamminae
1019 1043 1181 1107 interdum
1204 1043 1401 1126 argentiolae

262 1144 378 1208 cloacis
399 1144 622 1227 inveniuntur3
644 1167 722 1208 eane
738 1167 772 1208 re
788 1145 915 1208 cluacas
926 1147 934 1184 ¹
946 1145 1130 1228 purgandas
1145 1145 1359 1208 redimemus?

345 1245 487 1309 Primum
509 1246 588 1309 illud
610 1246 645 1308 in
666 1247 729 1309 isto
751 1268 870 1331 genere
892 1247 1018 1309 dicendi
1034 1247 1147 1310 vitium
1168 1247 1398 1329 turpissimum,

260 1349 344 1430 quod
366 1348 499 1411 eandem
522 1348 716 1411 sententiam
738 1349 878 1411 milliens
906 1348 969 1410 alio
997 1351 1092 1431 atque
1122 1349 1184 1410 alio
1212 1349 1331 1412 amictu
1352 1348 1401 1410 in-

261 1450 389 1512 (lutama
411 1449 584 1513 referunt².
617 1448 663 1513 Ut
684 1448 867 1532 histriones,
891 1448 1006 1532 quom³
1029 1448 1243 1531 palleolatim⁴
1267 1449 1399 1530 saltant,

262 1552 394 1614 caudam
417 1551 519 1634 cycni,
544 1550 695 1633 capillum
710 1550 856 1633 Veneris,
880 1549 994 1612 Furiae
1017 1548 1180 1633 flagellum
1203 1551 1312 1614 eodem
1333 1551 1400 1634 pal-

259 1652 302 1714 lio
325 1653 559 1715 demonstrant:
589 1653 635 1714 ita
662 1652 717 1715 isti
739 1674 838 1715 unam
861 1652 1056 1735 eandemque
1079 1651 1273 1715 sententiam
1294 1652 1401 1714 multi-

259 1754 361 1816 modis
383 1753 508 1816 faciunt
516 1755 537 1834 ⁵,
561 1753 731 1835 ventilant,
757 1756 965 1835 commutant,
991 1756 1202 1835 comvertunt‚
1227 1753 1338 1816 eadem
1356 1755 1400 1816 la-

260 1855 344 1916 cinia
371 1853 542 1935 salutantl,
572 1854 728 1917 refricant
756 1855 890 1918 eandem
918 1877 1017 1917 unam
1044 1855 1239 1917 sententiam
1273 1857 1400 1937 saepius

259 1977 355 2036 quam
377 1954 502 2037 puellae
525 1954 731 2018 olfactoriae⁷
754 1957 877 2020 sucina.

343 2055 522 2124 Dicendum
544 2059 593 2119 est
612 2057 650 2119 de
672 2056 803 2120 fortuna
826 2056 968 2140 aliquid?
990 2056 1094 2120 omnis
1110 2057 1155 2120 ibi
1170 2057 1329 2121 Fortunas
1345 2081 1399 2120 an-
1433 2070 1475 2128 Q·
1488 2067 1572 2117 xxx(

258 2157 357 2241 tiatis,
374 2157 647 2243 praenesti1⁸nas‚
668 2159 881 2241 respicientis,
905 2158 1111 2222 balnearum⁹
1128 2161 1225 2222 etiam
1240 2160 1399 2223 Fortunas
1456 2176 1544 2221 aava

259 2260 362 2321 omnis
379 2280 450 2322 cum
471 2261 587 2343 pennis
599 2260 632 2342 ¹⁰,
658 2282 730 2323 cum
745 2260 887 2343 roteis¹¹,
913 2281 984 2323 cum
999 2261 1225 2344 gubernaculis
1247 2262 1397 2344 reperias.
1516 2268 1519 2273 ⁴

342 2359 450 2423 Unum
473 2362 609 2444 exempli
633 2383 729 2424 causa
749 2365 863 2445 poetae
892 2361 1111 2445 prohoemium
1135 2364 1397 2444 commemorabo,

257 2463 370 2543 poetae
393 2461 534 2525 eiusdem
554 2463 707 2546 temporis
731 2463 933 2547 eiusdemque
955 2464 1110 2545 nominis3
1132 2462 1195 2527 fuit
1217 2473 1316 2547 aeque
1332 2465 1398 2527 An-

257 2563 385 2626 naeusl.
430 2561 462 2625 Is
484 2563 577 2627 initio
601 2565 750 2629 carminis
779 2565 828 2628 sui
856 2569 979 2648 septem
1006 2565 1118 2647 primis
1148 2566 1289 2629 versibus
1316 2566 1400 2629 nihil

258 2663 343 2726 aliud
366 2685 461 2746 quam
482 2670 558 2729 bellu
576 2673 646 2745 plus
668 2687 758 2743 qrrum
780 2673 879 2730 civilia
905 2667 1157 2750 interpraetatus
1185 2670 1243 2730 est.
1288 2665 1397 2753 Nu[nc

257 2762 328 2850 hoc]
353 2765 519 2848 replicet¹²
541 2754 618 2850 quot
628 2768 651 2808 ¹3
674 2768 869 2831 sententiis?
890 2773 1000 2848 Iusque
1022 2773 1124 2832 dotum
1146 2774 1269 2832 sceleri:

340 2865 415 2929 Una
437 2868 597 2931 sententia
619 2872 686 2932 est:
720 2873 759 2931 Ia
780 2891 836 2932 sua
858 2875 976 2935 victrici
994 2890 1168 2933 conversum
1190 2876 1321 2933 uiscera:

339 2966 409 3031 Iam
431 2967 510 3032 haec
532 2968 633 3033 altera
655 2972 713 3034 est.
759 2975 969 3054 Cepnatisque
990 2978 1087 3036 acies:

340 3067 448 3131 Tertia
469 3068 549 3133 haec
572 3072 642 3134 erit.
686 3076 724 3134 Ia
745 3093 900 3136 commune
921 3076 1025 3148 nefas:

340 3168 494 3244 Quartam
516 3176 674 3235 numerat.
719 3178 899 3251 Infestisque
921 3179 1006 3237 obvia
1032 3180 1135 3250 sipon:

340 3271 386 3354 At
409 3271 495 3335 enim
517 3276 593 3335 sunt
615 3274 771 3356 quaedam
793 3275 828 3337 in
850 3274 941 3338 libris
963 3276 1030 3338 eius
1059 3275 1138 3337 scite
1161 3274 1262 3358 dicta,
1291 3277 1394 3360 gravi-

340 3428 408 3476 alu
425 3430 552 3491 nmrpinc:
581 3424 719 3479 Vitiosum
749 3425 858 3479 dicendi
886 3443 974 3494 genus
1002 3426 1119 3479 eandem
1145 3427 1313 3481 sententiam
1340 3427 1394 3481 alio

255 3509 339 3573 atque
358 3507 412 3561 alio
431 3508 534 3562 amictu
550 3509 674 3564 induere.

339 3592 357 3645 b
377 3596 410 3645 In
427 3600 554 3661 nrarpine:
572 3594 721 3663 Vituperat
738 3595 887 3649 Lucanum.

341 3734 354 3780 1
374 3730 417 3782 Ita
435 3727 536 3782 Codex.

338 3818 353 3864 2
371 3811 478 3881 Nempe
496 3814 600 3869 Fronto
619 3815 642 3868 is
661 3817 716 3881 est,
736 3816 783 3883 qui
800 3816 860 3868 iure
878 3832 927 3882 suo
946 3815 981 3869 de
999 3817 1052 3870 hoc
1069 3816 1137 3870 vitio
1157 3819 1302 3883 queratur!

339 3904 354 3950 3
373 3896 477 3950 Codex:
499 3920 580 3967 quam.

337 3988 354 4034 4
372 3980 412 4034 Cf.
431 3982 521 4035 Plaut.
540 3982 638 4037 Pseud.
658 3984 691 4038 V.
712 3989 734 4037 1.
755 3990 795 4039 28.

339 4069 354 4117 5
373 4065 503 4118 Orellius:
521 4067 641 4121 fortasse
658 4074 761 4123 iactitat.

338 4149 460 4202 GMaius
483 4150 606 4203 coniicit:
632 4158 735 4209 saltant.
772 4153 902 4207 Orellius:
929 4161 1076 4212 involutant.
1107 4155 1259 4225 Hauptius:
1287 4162 1392 4211 eundem

253 4239 369 4287 lacinium
385 4242 506 4293 volutant.

338 4325 352 4372 7
371 4318 508 4387 Hauptius
526 4321 555 4372 et
566 4320 704 4375 Usenerus
721 4322 750 4375 in
762 4322 862 4376 Annal.
874 4322 1046 4377 Fleckeiseni
1058 4324 1119 4378 XCI
1135 4344 1161 4393 p.
1176 4332 1226 4380 268
1244 4332 1389 4393 olfactoria.

337 4408 353 4456 8
371 4404 491 4473 Explicit
509 4406 653 4471 quaternio
671 4406 754 4471 XXX,
773 4408 849 4460 cuius
866 4411 963 4461 notam
981 4408 1086 4462 amicus
1098 4410 1203 4477 primus
1215 4410 1293 4463 vidit.
1321 4410 1391 4464 Inci-

251 4487 293 4555 pit
312 4486 378 4541 Cod.
397 4507 424 4556 p.
444 4495 501 4543 344.

337 4579 352 4625 9
370 4573 458 4626 Maius
476 4574 573 4627 laudat
591 4572 669 4627 Grut.
689 4576 770 4629 inser.
790 4582 831 4630 73.
851 4583 874 4630 5.

320 4663 351 4710 10
370 4656 436 4711 (lod.
455 4676 497 4727 pr.
516 4676 552 4711 m.
571 4663 669 4726 plenis.

321 4747 349 4793 ll
371 4740 436 4794 Cod.
455 4760 508 4795 sec.
528 4761 563 4796 m.
583 4750 655 4797 rotis.

320 4832 351 4879 12
369 4827 412 4879 lta
429 4826 530 4881 Codex.

320 4913 351 4963 13
369 4909 473 4964 Codex:
492 4918 568 4983 quod.
