3300 6050
652 876 700 929 Ao
720 875 852 930 unicos
869 875 976 929 LIBER
994 877 1026 929 ll.
1348 882 1409 947 195

270 1045 386 1108 minia¹
410 1045 510 1127 feriri,
535 1050 690 1129 quantum
714 1046 849 1110 dedecus
865 1051 913 1110 est
935 1048 1032 1130 plena
1046 1048 1156 1111 liberis
1179 1070 1216 1111 ac
1237 1051 1408 1132 nepotibus

269 1148 361 1210 domo
384 1147 518 1210 infamia
539 1149 656 1228 notari,
682 1148 770 1210 euius
793 1148 946 1211 infamiae
970 1163 1122 1233 aspergo³
1143 1151 1293 1233 inquinat
1315 1152 1409 1216 simul

269 1247 386 1312 multos
409 1252 441 1311 et
464 1249 660 1312 dedecoratl‘.

275 1359 278 1362 ’
354 1349 444 1414 Sicut
465 1372 532 1413 non
554 1351 665 1414 eadem
688 1350 792 1413 clades
815 1354 865 1414 est
886 1353 920 1414 in
943 1353 1063 1435 proelio
1085 1376 1185 1417 unum
1201 1355 1340 1437 equitem
1355 1356 1407 1418 ob-

268 1453 413 1514 truncari
442 1455 474 1514 et
501 1452 665 1516 triremem
692 1452 830 1534 frangic.
877 1451 943 1514 Tur
967 1504 973 1518 .
1000 1503 1007 1515 .
1034 1455 1061 1517 ‚²
1085 1459 1207 1518 armato
1237 1506 1244 1518 .
1271 1505 1278 1519 .
1310 1461 1342 1520 et
1366 1507 1372 1519 .
1400 1507 1406 1519 .

269 1553 365 1615 remis
388 1574 461 1616 vero
486 1601 493 1616 .
519 1603 526 1616 .
550 1554 682 1637 perierit
712 1603 1152 1619 ..............
1161 1557 1173 1595 ³
1215 1555 1317 1641 Leges
1331 1559 1409 1641 vple-

269 1674 384 1736 raeque
407 1675 543 1738 poenam
571 1655 776 1718 sanciverunt
784 1656 807 1736 ⁴¹,
838 1655 972 1738 nequis
995 1655 1140 1720 arborem
1161 1657 1289 1721 felicem
1310 1662 1410 1722 succi-

268 1755 395 1818 disset5.
431 1755 595 1830 Quaenam
619 1759 667 1820 est
689 1756 810 1819 arboris
839 1756 1002 1820 felicitas?
1024 1752 1262 1821 ramissfeoun'di
1285 1763 1318 1822 11
1343 1760 1410 1823 fru-

269 1856 380 1940 1111111,ι
415 1856 503 1920 bacis
536 1859 701 1941 pomisque
729 1858 846 1921 onusti.
904 1857 1007 1921 Nemo
1037 1880 1174 1923 cannam
1202 1861 1409 1924 et⁷harundi

268 1980 352 2040 nem,
377 1960 522 2042 quamvis
543 1980 725 2042 proceram,
760 1959 877 2022 dixerit
898 1958 1035 2022 felicem.
1082 1961 1267 2044 Aequiusne
1290 1965 1339 2025 est
1361 1985 1408 2026 ar-

267 2059 397 2123 boribus
419 2061 534 2124 honori
556 2063 651 2144 atque
673 2060 793 2124 tutelae
815 2082 911 2143 poma
930 2063 962 2123 et
977 2061 1072 2124 bacas
1095 2083 1173 2141 esse,
1198 2085 1294 2146 quam
1309 2063 1408 2127 homi-

267 2161 362 2224 nibus
383 2162 499 2225 liberos
522 2160 762 2244 nepotesque‘l‘?
797 2210 1069 2225 .........
1096 2163 1119 2242 5⁸
1138 2213 1311 2228 ......
1342 2164 1409 2248 glo-

267 2263 325 2324 bus
349 2262 490 2346 equitum
513 2261 746 2345 Romanorum,
776 2285 851 2345 pars
875 2263 980 2325 curiae
1001 2263 1036 2325 in
1064 2285 1129 2326 uno
1156 2263 1286 2327 homine
1314 2265 1409 2329 deho-

267 2364 432 2426 nestatur9
437 2414 610 2427 ......
655 2363 741 2426 Raro
764 2386 915 2447 umquam
942 2367 992 2427 tot
1014 2364 1107 2427 simul
1131 2365 1237 2449 capita
1259 2366 1298 2428 de
1321 2366 1409 2429 caelo

267 2467 355 2527 tacta
378 2468 469 2547 sunt,
500 2470 577 2549 quot
599 2470 634 2528 tu
663 2464 916 2528 0011111111111111110
932 2515 1137 2530 .......
1182 2466 1241 2530 1111
1263 2469 1317 2551 qui
1340 2489 1408 2532 esse

267 2588 362 2648 quam
381 2566 478 2629 videri
494 2568 596 2630 bonus
615 2567 739 2648 maluit,
763 2567 904 2629 fortunis
919 2589 1033 2650 parum
1047 2569 1208 2652 prosperis
1223 2590 1299 2631 usus
1315 2569 1406 2633 est¹¹.

269 2717 475 2731 .......
520 2668 640 2732 Verum
664 2673 713 2732 est
738 2668 839 2750 illum,
864 2669 917 2751 qui
945 2670 1128 2752 opinionem
1150 2670 1278 2733 virtutis
1300 2671 1407 2755 negle-

266 2773 333 2851 gat,
357 2771 460 2853 ipsam
483 2793 606 2854 quoque
629 2770 800 2854 neglegere
816 2770 1016 2852 virtutem¹²3
1039 2793 1142 2854 neque
1165 2771 1332 2855 quisquam
1355 2773 1407 2835 bo-

350 2958 418 3008 aln
436 2962 563 3023 nurnine:
582 2956 658 3009 Haec
676 2972 794 3025 aspergo
813 2974 928 3010 numero
948 2956 1090 3025 singulari.

351 3040 369 3091 b
389 3044 421 3093 In
439 3048 565 3108 margine:
584 3039 647 3092 Non
664 3040 739 3094 idem
757 3071 788 3079 -
808 3040 966 3094 dedecorat.

351 3141 365 3176 0
383 3128 417 3176 In
435 3129 563 3189 margine.-
580 3123 643 3177 Non
660 3124 736 3177 idem
754 3125 796 3177 est
812 3123 841 3176 in
859 3124 964 3191 proelio
984 3156 1012 3164 -
1033 3126 1133 3193 frangi.

349 3208 368 3260 d
387 3212 419 3260 ln
431 3214 557 3276 marpine:
574 3208 662 3275 Leges
673 3208 823 3275 pleraeque
836 3224 927 3275 paena
940 3210 1067 3264 sanciunt
1078 3227 1113 3263 ne
1132 3209 1193 3276 quis
1207 3211 1313 3263 felicem
1327 3214 1407 3267 arbo·

264 3309 324 3345 rem
346 3291 476 3346 succidat.
513 3290 544 3356 Q.
569 3309 592 3345 e.
612 3309 636 3346 a.
656 3292 692 3344 t?
718 3292 790 3345 rami
811 3292 830 3345 f.
851 3293 880 3345 et
897 3292 915 3345 f.
935 3293 1011 3346 bacis
1033 3296 1062 3347 11
1083 3294 1173 3362 pomis
1192 3312 1215 3348 0.
1236 3295 1267 3348 N.
1289 3312 1405 3350 cannam

266 3380 294 3430 01
311 3377 337 3429 h.
358 3395 383 3445 q.
403 3393 430 3445 p.
449 3376 558 3430 felicem
576 3375 682 3429 dixerit.
718 3377 750 3429 Α.
771 3393 793 3429 e.
814 3408 845 3415 -
864 3379 1052 3447 nepotesque?

350 3554 362 3598 1
381 3545 422 3600 De
442 3547 525 3601 verbo
543 3545 596 3600 hoe
613 3564 663 3614 pro
683 3550 787 3613 infamia
805 3545 897 3613 posito
915 3564 940 3599 v.
954 3546 1073 3601 Brisson.
1093 3548 1127 3602 de
1140 3548 1224 3602 Verb.
1244 3548 1319 3617 Sign.
1339 3551 1364 3603 h.
1378 3567 1403 3605 v.

264 3635 451 3685 Berolinenses.

348 3722 363 3767 2
382 3714 495 3783 Septem
513 3732 607 3769 versus
624 3714 773 3783 perierunt.

349 3806 364 3852 3
382 3798 451 3852 Octo
469 3816 564 3853 versus
582 3798 731 3868 perierunt.

348 3890 364 3935 4
383 3882 464 3937 Codz
483 3905 530 3938 san
545 3926 697 3937 ........
729 3884 817 3937 Maius
835 3886 928 3952 posuit
949 3884 978 3937 iu
1000 3887 1078 3939 textu
1097 3886 1245 3941 lectionem
1262 3889 1403 3956 marginis.

349 3974 363 4021 5
383 3966 539 4036 Sequuntur
552 3969 683 4037 quattuor
695 3968 853 4022 litterarum
864 3967 990 4035 vestigia.
998 4000 1030 4008 -
1041 3969 1080 4023 cf.
1091 3970 1198 4038 Digest.
1209 3972 1315 4025 XLVII.
1331 3979 1354 4026 7.
1368 3980 1402 4039 1.,

263 4052 364 4106 Paulus
387 4052 419 4105 V.
440 4058 481 4106 20.
519 4057 613 4107 Maius.

347 4142 362 4189 6
382 4135 474 4190 Codex
492 4136 582 4189 addit:
607 4135 718 4190 SOLLE
738 4181 762 4190 ..
793 4138 968 4192 Ecksteinius
987 4140 1142 4209 suspica-tur
1160 4148 1257 4195 scilieet
1276 4143 1404 4211 supplen-

263 4222 328 4275 dum
347 4238 416 4275 esse.

346 4312 361 4359 7
380 4304 484 4359 Codex:
504 4305 601 4360 OANN
620 4347 626 4360 .
648 4349 652 4358 .
673 4349 678 4359 .
698 4307 755 4360 UIS
777 4350 781 4359 .
802 4347 808 4359 .
829 4351 833 4361 .
852 4308 885 4360 'N
900 4351 904 4362 .
920 4350 946 4361 ..
984 4309 1048 4363 Non
1065 4310 1190 4364 divmare
1208 4328 1319 4379 possum
1338 4312 1403 4377 quid

260 4392 356 4444 lateat.
393 4389 568 4444 Postremum
586 4391 752 4445 vocabulum
771 4392 897 4460 suspicor
914 4410 975 4447 esse
993 4414 1072 4449 nemo.

345 4481 360 4529 8
379 4474 509 4541 Sequitur
531 4473 597 4528 Ood.
621 4494 648 4544 p.
668 4481 726 4529 303.
761 4477 793 4530 In
816 4479 941 4531 extrema
963 4494 1029 4545 pag.
1049 4480 1173 4529 3041111
1197 4494 1292 4531 versus
1315 4480 1403 4546 perio-

260 4561 331 4613 rrmt.
373 4559 509 4626 Pleraque
528 4558 621 4612 omnia
638 4559 667 4611 in
684 4576 750 4628 pag.
769 4567 818 4615 303
838 4578 870 4614 ex
888 4561 1014 4628 margine
1034 4563 1104 4613 sunt.

345 4652 360 4698 9
377 4644 400 4696 Ε
419 4642 545 4711 margine
563 4642 712 4711 superiore.

331 4728 400 4783 1011
418 4726 545 4796 margine
563 4726 711 4795 superiore.

329 4820 359 4865 11
378 4813 400 4865 Ε
418 4812 544 4880 margine
562 4810 662 4866 medio.

329 4904 359 4951 12
377 4898 399 4950 ll
418 4898 543 4967 margine
564 4897 702 4952 inferiore.
