3300 6050
285 859 326 922 84
401 897 403 901 Α
495 857 531 913 n.
547 858 716 912 coenatu
733 858 940 914 momulus
959 859 1255 916 uersrumauu·

284 1020 390 1111 ipsus¹
407 1029 448 1091 ui
470 1030 504 1092 in
528 1051 687 1094 carcerem
710 1031 881 1115 compegit.
927 1032 977 1096 Ob
1005 1054 1075 1095 eam
1099 1055 1166 1096 rem
1195 1056 1214 1096 a
1242 1035 1427 1098 censoribus

284 1133 424 1193 notatur.
469 1130 583 1194 Divide
616 1132 754 1215 primum
783 1154 922 1216 causam,
958 1133 1027 1198 εἶτα
1049 1135 1092 1199 εἰ(
1121 1136 1253 1215 ἑκάτερα
1279 1139 1318 1200 τὰ
1349 1139 1426 1216 μέρη

284 1232 483 1312 ἐπιχείρηεον
506 1234 556 1296 καὶ
578 1238 767 1313 κατηγορῶν
789 1236 839 1298 καὶ
861 1235 1146 1316 ἀπολογούμενος
1161 1236 1251 1320 Vale,
1276 1236 1425 1317 Domine,

285 1333 339 1395 lux
361 1333 503 1396 omnium
525 1337 662 1398 tuorum.
707 1335 845 1399 Matrem
867 1335 1039 1399 Dominam
1061 1339 1175 1401 saluta.

580 1503 759 1570 XXVIII.
782 1505 839 1570 43.
873 1505 1046 1588 Magistro
1068 1507 1155 1572 IIeo.
1198 1601 1203 1608 ι

370 1639 447 1704 Dies
468 1638 548 1703 mihi
569 1642 655 1703 totus
678 1663 796 1704 vacuus
819 1641 889 1704 erit.
920 1639 1030 1724 Siquid
1052 1664 1204 1724 umquam
1226 1665 1277 1706 me
1300 1645 1425 1725 amasti,

285 1739 379 1806 hodie
402 1764 474 1805 ama
501 1743 552 1804 et²
581 1742 710 1805 uberem
737 1742 781 1804 mi
809 1741 978 1805 materiam
1000 1743 1103 1826 mitte,
1127 1765 1182 1806 oro
1212 1747 1245 1806 et
1272 1766 1350 1828 rogo
1378 1748 1427 1808 καὶ

285 1846 445 1925 ἀντιβολῶ
468 1846 517 1908 καὶ
539 1845 650 1922 δέομαι
672 1845 722 1907 καὶ
743 1843 883 1908 ἱκετεύω.
926 1843 965 1906 ln
993 1844 1049 1906 illa
1077 1844 1164 1907 enim
1187 1845 1427 1908 centumviralei

285 1967 352 2010 non
379 1946 489 2009 inveni
522 1947 650 2028 praeter
681 1947 924 2026 ἐπιφωνήμοτα.
969 1944 1050 2008 Vale
1072 1945 1192 2028 optime
1218 1946 1381 2029 magister.
1401 1946 1425 2031 Ρ

285 2047 425 2111 Domina
445 2069 517 2111 mea
538 2050 570 2109 te
593 2046 721 2109 salutat.
744 2044 901 2109 Volebam
923 2046 1052 2129 aliquid,
1076 2046 1131 2110 ubi
1147 2047 1278 2110 clamari
1288 2047 1424 2129 debeat,
1518 2065 1523 2069 ’

286 2150 434 2213 scribere.
479 2147 563 2211 Fave
585 2147 629 2211 mi
652 2150 684 2211 et
705 2137 821 2230 quaem
845 2148 1016 2210 clamosam
1038 2147 1197 2213 ὑπόθεειν.

597 2315 738 2382 XXIX.
761 2316 819 2381 44.
852 2316 1004 2382 Domino
1025 2317 1113 2382 Meo.

370 2453 537 2535 Perendie‚
561 2451 709 2535 Domine,
732 2455 765 2516 te
787 2452 916 2516 videbo:
939 2474 1009 2515 sum
1034 2454 1124 2515 enim
1146 2451 1250 2515 adhuc
1279 2474 1298 2515 a
1321 2453 1427 2516 cubito

287 2559 320 2620 et
342 2555 463 2619 cervice
484 2554 640 2617 infirmus.
675 2553 736 2617 Fer
757 2554 838 2637 me4,
868 2554 1008 2636 obsecro,
1037 2553 1138 2616 nimia
1166 2556 1198 2616 et
1220 2553 1320 2616 ardua
1348 2576 1367 2616 a
1395 2558 1427 2616 te

286 2656 513 2740 postulantem.
542 2655 593 2718 lta
607 2655 642 2717 in
659 2655 801 2718 animum
822 2677 929 2718 meum
950 2655 1061 2718 induxi
1076 2675 1168 2737 posse
1185 2654 1312 2717 efficere
1327 2676 1427 2737 quan·
1500 2646 1505 2654 ’

286 2763 355 2821 tum
379 2757 590 2822 contenderis.
634 2755 703 2820 Nee
726 2756 897 2839 depraecor
918 2757 997 2840 quin
1019 2778 1069 2819 me
1091 2756 1204 2839 oderis,
1228 2755 1311 2818 nisei
1328 2777 1427 2838 quan-

287 2863 357 2922 tum
378 2859 505 2942 postulo
526 2858 709 2941 perfeceriS,
738 2859 775 2941 si,
805 2862 842 2920 ut
862 2859 954 2941 facis,
979 2859 1121 2921 animum
1149 2860 1183 2920 et
1210 2857 1351 2920 studium
1378 2879 1428 2920 ac-

289 2960 546 3026 commodaveris.
591 2959 682 3043 Vale,
706 2958 853 3042 Domine,
883 2960 991 3023 anima
1012 2981 1084 3023 mea
1105 2958 1184 3022 mihi
1206 2959 1321 3043 potior.
1365 2957 1427 3021 Do-

287 3065 408 3127 minam
430 3066 565 3126 matrem
587 3062 701 3126 saluta.

518 3297 527 3302 ,
609 3231 730 3297 XXX.
753 3231 811 3296 45.
845 3230 996 3297 Domino
1017 3231 1106 3297 IIeo.

371 3370 649 3433 Annum.n0vum
680 3368 823 3431 faustum
856 3367 917 3431 tibi
951 3370 983 3430 et
1009 3367 1050 3429 ad
1072 3365 1195 3448 omnia,
1234 3386 1315 3449 quae
1341 3370 1428 3429 recte

288 3472 388 3555 cupis,
412 3491 599 3554 prosperum
627 3491 699 3560 cum
726 3469 785 3532 tibi
807 3472 878 3532 tum
899 3468 1038 3533 Domino
1059 3470 1170 3531 nostro
1198 3468 1284 3550 patri
1312 3470 1368 3530 tuo
1397 3471 1429 3530 et

287 3573 383 3636 matri
406 3574 438 3634 et
459 3572 550 3634 uxori
572 3574 605 3634 et
626 3570 731 3633 filiae⁵
759 3571 935 3653 ceterisque
963 3569 1121 3652 omnibuS‚
1146 3590 1224 3652 quos
1246 3570 1361 3632 merito
1384 3569 1429 3632 di-

286 3674 372 3758 ligis,
396 3694 538 3756 praecor.
578 3672 680 3735 Metui
708 3694 768 3757 ego
794 3671 935 3748 invalido
968 3669 1071 3734 adhuc
1099 3690 1229 3753 corpore
1255 3670 1369 3733 turbae
1397 3674 1430 3733 et

287 3774 521 3859 inpr'aessioni6
542 3795 593 3836 me
617 3774 824 3837 committere.
870 3772 904 3837 Si
927 3772 977 3836 dei
999 3772 1167 3853 iuvabunt,
1196 3772 1348 3854 perendie
1374 3793 1429 3835 vos

287 3880 362 3941 vota
383 3876 602 3958 nuncupantis
631 3876 752 3940 videbo.
797 3874 878 3939 Vale
905 3873 950 3937 mi
972 3873 1109 3937 Domine
1131 3872 1322 3936 dulcissime.
1367 3873 1429 3935 Do-

288 3978 410 4041 minam
433 3976 545 4040 saluta.

374 4196 452 4251 isio
469 4197 565 4251 Maius.
608 4196 711 4251 Codex:
730 4146 839 4251 IPsiJS.
875 4195 1004 4250 Fortasse
1025 4195 1107 4249 latet:
1135 4201 1190 4263 ipse
1208 4200 1281 4248 irascit
1298 4200 1324 4248 in
1342 4215 1430 4249 carce-

290 4304 342 4338 rem
360 4288 492 4352 compinpi.

374 4408 389 4455 2
409 4400 514 4455 Codex:
533 4364 612 4462 amel;
629 4402 689 4454 tum
708 4413 733 4455 et
749 4402 866 4455 fortasse
884 4401 1058 4469 expunctum.

375 4494 390 4541 3
408 4484 509 4554 Incipit
527 4484 592 4539 Cod.
611 4485 701 4539 Vatic.
720 4504 747 4554 p.
763 4492 802 4546 79.

373 4577 389 4623 4
407 4571 451 4623 Ita
469 4570 636 4638 Schopenus.
672 4568 761 4623 Maius
778 4586 834 4623 uno
852 4570 1000 4624 vocabulo:
1020 4574 1117 4623 Ferme.

374 4642 519 4723 5Ergone
545 4654 615 4707 haec
637 4654 756 4722 epistula
779 4654 883 4722 scripta
903 4654 1014 4708 videtur
1036 4670 1069 4708 eo
1095 4660 1235 4722 tempore,
1263 4670 1318 4720 quo
1341 4652 1432 4706 adhuc

290 4740 371 4794 unica
388 4739 493 4793 Lucilla
511 4740 584 4805 erat,
610 4738 697 4792 Marci
714 4737 832 4791 filiarum
854 4739 922 4791 natu
944 4738 1083 4791 maxima?
1112 4742 1205 4792 Maius.
1245 4736 1308 4789 Dixi
1327 4737 1361 4789 de
1379 4737 1432 4790 hae

289 4843 319 4880 re
337 4824 365 4877 in
382 4822 595 4893 prolegomenis.

374 4914 389 4963 6
407 4908 451 4961 Ita
469 4906 568 4962 Codex.
