3300 6050
616 875 618 878 ⁴
677 855 958 912 PROLEGOMENA.
1269 933 1272 940 Ι
1320 877 1394 924 xxv

253 1030 341 1097 cellis
364 1031 511 1114 degeret;
533 1030 605 1094 vide
628 1031 694 1094 eius
716 1029 909 1113 rescriptum
930 1027 972 1110 V,
995 1028 1048 1093 59.
1077 1028 1196 1094 Caesar
1217 1033 1392 1113 occupatus

185 1126 188 1131 ¹
253 1137 301 1202 est
322 1135 357 1198 in
378 1133 521 1214 rudiunt(
544 1133 767 1198 convertendis
795 1135 829 1195 et
853 1133 888 1194 111
919 1131 1121 1195 elaborandis
1147 1131 1226 1196 loeis
1256 1153 1394 1197 commu-

252 1236 357 1301 nibus.
404 1235 546 1301 Conatur
575 1236 765 1319 persuadere
787 1234 944 1318 magistro
973 1255 1007 1297 se
1029 1255 1098 1298 esse
1119 1235 1213 1298 multi
1235 1235 1349 1299 somni.

337 1337 434 1403 Anno
464 1337 525 1400 142
552 1339 647 1401 datae
670 1340 756 1420 sunt,
791 1339 829 1401 ut
856 1336 1002 1419 equidem
1034 1337 1192 1420 existimo,
1221 1336 1394 1403 Frontonis

254 1440 453 1525 aegrotantis
476 1439 630 1523 epistolae
643 1439 684 1523 V,
701 1439 753 1503 40.
777 1439 819 1502 42
843 1460 915 1502 cum
931 1438 1076 1504 Caesaris
1098 1440 1263 1523 rescriptis
1285 1439 1326 1522 V,
1339 1441 1391 1504 41.

192 1580 194 1588 ·
252 1543 304 1607 43.
334 1543 404 1606 lam
425 1544 522 1607 natae
545 1546 620 1607 sunt
639 1541 748 1607 Marco
771 1543 852 1606 duae
874 1541 974 1625 filiae3
997 1542 1117 1606 Fronto
1139 1544 1247 1606 autem
1267 1542 1394 1606 laborat

221 1628 225 1636 ¹
252 1646 396 1730 podagra
430 1649 463 1708 et
490 1645 528 1708 de
561 1667 716 1729 aquarum
749 1667 808 1708 usu
836 1644 1002 1709 deliberat.
1053 1644 1141 1708 Hinc
1177 1646 1321 1727 suspicor
1354 1645 1394 1708 ad

254 1747 390 1811 eundem
416 1768 537 1810 annum
563 1746 676 1810 referri
704 1745 818 1809 debere
852 1746 974 1829 priores
1003 1745 1156 1830 epistolas
1182 1746 1280 1830 primi
1306 1747 1392 1810 libri.

254 1848 385 1914 Scilicet
412 1842 604 1932 respondere
631 1849 757 1912 ridetur
785 1838 903 1912 an'sar
935 1870 973 1911 ea
1002 1849 1153 1932 epistola,
1190 1870 1272 1932 quae
1301 1848 1394 1912 nobis

254 1954 303 2017 est
330 1950 363 2033 Ι,
393 1951 430 2032 2,
464 1973 522 2035 pro
558 1973 620 2034 qua
653 1952 764 2033 utpote
792 1953 939 2014 amanter
971 1951 1092 2035 scripta
1119 1950 1239 2015 Fronto
1271 1952 1394 2034 gratias

255 2055 324 2138 agit
344 2054 380 2117 in
403 2053 497 2137 epist.
520 2054 546 2135 I,
571 2054 601 2117 3.
647 2052 816 2136 Sequentia
848 2052 1001 2135 epistolae
1031 2075 1112 2137 quae
1140 2053 1312 2117 Frontonis
1334 2056 1393 2135 est,

253 2156 280 2239 Ι,
300 2159 327 2238 1,
351 2177 417 2219 non
435 2155 499 2219 nisi
521 2156 671 2240 exiguum
692 2155 912 2239 fragmentum
928 2159 1091 2220 servatum
1113 2160 1176 2220 est:
1198 2155 1301 2219 mittit
1323 2177 1396 2218 cum

255 2258 390 2341 epistola
411 2257 571 2321 ludicrum
592 2280 671 2341 opus
693 2279 756 2341 quo
778 2257 932 2323 Somnum
954 2257 1107 2341 laudavit,
1132 2259 1222 2322 cuius
1243 2257 1396 2321 memoria

255 2361 284 2424 ei
305 2381 435 2444 prorsus
458 2360 635 2442 exciderat,
667 2381 739 2423 cum
766 2360 883 2444 viginti
913 2360 1007 2423 annis
1033 2364 1108 2444 post
1129 2360 1298 2444 epistolam
1320 2359 1395 2423 scri·

254 2462 354 2545 beret,
379 2484 460 2546 quae
483 2462 600 2526 dicitur
622 2463 660 2525 de
682 2461 784 2525 Feriis
811 2462 1024 2526 Alsiensibus.
1069 2462 1256 2547 Respondet
1278 2460 1396 2526 Caesar

256 2567 288 2628 et
309 2564 388 2628 satis
410 2558 538 2655 inficete
561 2563 714 2629 Somnum
737 2567 867 2628 accusat
887 2564 914 2647 Ι,
935 2566 972 2647 43
994 2564 1114 2629 Fronto
1136 2568 1246 2629 tamen
1267 2565 1396 2647 inpro-

254 2666 320 2729 lixa
348 2666 492 2750 epistola,
522 2664 548 2749 Ι,
572 2665 609 2750 5,
633 2667 763 2751 singula
791 2667 955 2730 examinat
976 2670 1009 2730 et
1036 2667 1184 2732 laudibus
1211 2667 1246 2730 in
1274 2666 1397 2730 caelum

256 2769 357 2832 effert.
390 2769 514 2853 Operae
537 2768 676 2852 pretium
692 2772 741 2833 est
764 2769 880 2851 videre,
905 2773 942 2833 ut
963 2768 1007 2833 M.
1025 2768 1156 2834 Caesari
1176 2769 1295 2853 viginti
1317 2769 1396 2832 duos

154 2913 157 2917 .
256 2893 357 2936 annos
380 2873 458 2934 nato
480 2875 547 2935 tam
568 2871 691 2934 insulsa
713 2871 903 2935 declamatio
929 2872 1056 2954 placere
1078 2872 1228 2956 potuerit.

339 2974 455 3037 Annus
478 2972 621 3058 sequitur
645 2975 716 3039 143.
753 2973 793 3039 In
816 2972 952 3058 epistola
974 2973 1014 3056 V,
1038 2973 1079 3038 32
1102 2973 1219 3039 Caesar
1241 2974 1397 3059 magistro

256 3076 439 3160 gratulatur
461 3076 511 3139 die
533 3077 651 3159 natali3
680 3077 708 3140 is
736 3080 843 3141 autem
865 3077 988 3161 gratias
1011 3077 1081 3160 agit
1101 3077 1137 3140 in
1159 3078 1253 3160 epist.
1277 3076 1318 3158 V,
1343 3078 1395 3141 33.

255 3177 324 3242 Has
347 3178 512 3261 excipiunt
532 3178 685 3260 epistolae
707 3201 827 3263 magno
849 3201 982 3242 numero
1005 3180 1143 3261 scriptae
1165 3179 1328 3243 mensibus
1345 3178 1396 3241 lu-

255 3282 298 3344 lio
326 3283 358 3344 et
382 3281 528 3364 Augusto
539 3330 547 3363 ,
579 3302 650 3343 cum
672 3279 794 3344 Fronto
823 3281 933 3344 consul
961 3282 1112 3344 suffectus
1139 3284 1239 3362 esset,
1268 3282 1396 3344 Marcus

257 3386 364 3447 autem
385 3381 521 3465 Neapoli
545 3383 685 3466 degeret.
716 3382 913 3466 incipiamus
929 3405 948 3445 a
963 3381 1107 3447 Caesaris
1130 3381 1273 3465 epistolis
1295 3382 1338 3465 ll,
1357 3385 1395 3446 ll

257 3488 289 3548 et
312 3485 361 3568 12,
385 3505 520 3569 quarum
541 3484 727 3569 fragmenta
749 3489 877 3548 servata
898 3488 989 3568 sunt,
1012 3484 1166 3548 habemus
1181 3485 1216 3548 in
1230 3485 1270 3548 iis
1293 3507 1396 3549 exem-

256 3586 310 3670 pla
343 3587 549 3670 epistolarum
580 3587 709 3650 illarum
743 3587 960 3651 remissiorum
992 3591 1025 3650 et
1052 3586 1284 3671 Tullianamm,
1318 3610 1397 3671 quas

256 3689 376 3752 Fronto
399 3687 476 3751 alibi
498 3688 618 3752 laudat.
665 3688 698 3752 Si
721 3688 832 3754 Cicero
855 3711 907 3753 eas
929 3690 1036 3774 legere
1058 3690 1230 3773 potuisset,
1260 3690 1397 3753 multum

256 3812 368 3854 vereor
403 3812 446 3853 an
477 3792 546 3874 ipse
580 3812 703 3875 quoque
737 3814 790 3855 eas
822 3813 881 3874 pro
903 3791 1061 3856 Tullianis
1093 3791 1206 3855 haberi
1232 3792 1395 3855 voluisset.

257 3890 378 3955 Eodem
400 3891 548 3956 Tulliano
571 3894 695 3960 dicendi
720 3915 838 3977 genere
861 3893 979 3958 Caesar
1000 3894 1102 3957 utitur
1124 3894 1158 3957 in
1181 3894 1274 3977 epist.
1297 3893 1340 3976 ΙΙ,
1364 3894 1395 3976 5,

256 3987 312 4056 ubi
334 3995 372 4058 de
394 3993 566 4059 Polemone
588 3996 741 4060 iudicium
768 3996 833 4059 fert
856 3996 945 4059 etin
967 3997 1059 4079 epist.
1083 3994 1126 4077 ll,
1150 3996 1180 4078 6,
1203 3996 1323 4079 inqua
1346 3997 1397 4060 de-

257 4096 389 4179 scriptio
412 4096 491 4160 caeli
514 4096 732 4180 Neapolitani.
767 4098 863 4182 Legit
885 4101 1007 4163 veteres
1029 4098 1200 4181 scriptores
1222 4098 1395 4183 Romanoa,

256 4220 391 4283 quorum
413 4199 529 4263 diserte
551 4200 762 4265 nominantur
778 4200 857 4265 Cato
873 4202 906 4263 et
920 4200 1084 4264 Laberius.
1116 4199 1263 4264 Breviter
1277 4200 1397 4264 Fronto

256 4301 428 4384 respondet
442 4300 485 4384 II,
503 4302 532 4365 7.
564 4300 603 4366 In
626 4302 762 4386 epistola
776 4302 803 4385 Ι,
828 4303 847 4365 6
870 4302 983 4366 scribit
1005 4301 1123 4367 Caesar
1144 4324 1178 4365 se
1199 4301 1284 4385 patri
1307 4323 1397 4385 prae-

256 4402 373 4486 legisse
394 4406 520 4487 partem
543 4407 726 4487 excerptam
742 4426 759 4468 e
774 4403 947 4468 Frontonis
964 4405 1108 4469 oratione
1130 4404 1277 4487 quadarn,
1301 4425 1396 4486 quam

256 4503 350 4569 hodie
377 4504 438 4568 viri
466 4504 552 4568 docti
578 4505 762 4570 inscribunt
783 4507 822 4570 de
844 4507 1047 4570 testamentis
1069 4504 1312 4585 transmarinis,
1341 4506 1397 4568 sed

256 4628 322 4670 non
356 4606 513 4670 diversam
545 4628 615 4669 eam
649 4628 716 4670 esse
746 4608 882 4671 coniicio
910 4631 929 4670 a
956 4607 1057 4671 nobili
1085 4606 1141 4669 illa
1167 4606 1311 4669 oratione
1337 4629 1396 4690 pro

257 4707 418 4790 Bithynis.
464 4708 582 4772 Caesar
615 4708 766 4772 describit
799 4708 930 4792 insigne
957 4708 1192 4792 fragmentum,
1227 4708 1311 4792 quod
1337 4708 1396 4773 Pio

212 4855 215 4859 -
255 4830 333 4891 prae
357 4809 470 4872 ceteris
493 4810 659 4893 placuerat
680 4811 713 4873 et
734 4831 792 4873 nos
816 4810 969 4892 epistrlae
990 4809 1156 4892 benefici0,
1181 4810 1269 4873 cuius
1290 4810 1397 4875 lacera

256 4911 400 4974 membra
430 4911 534 4975 Maius
566 4934 734 4997 perperam
768 4913 960 4996 composuit,
994 4933 1162 4997 possumus
1195 4912 1396 4996 aliquatenus
