3300 6050
292 875 404 921 XXXIV
533 886 539 900 =
724 853 1005 907 PROLEGOMENA.

293 1025 458 1108 disposuit.
503 1024 618 1087 Eidem
632 1023 831 1106 Ecksteinio,
854 1023 1019 1107 philologo
1041 1022 1251 1104 nobilissimo,
1274 1026 1376 1086 restat
1397 1027 1436 1087 ut

292 1128 374 1190 hene
394 1125 531 1189 merenti
553 1126 667 1189 lubens
689 1125 812 1208 gratias
836 1146 941 1208 agam.
986 1122 1047 1198 Qui
1069 1146 1167 1207 quum
1182 1123 1272 1188 'forte
1295 1124 1438 1187 audisset

291 1249 342 1291 me
365 1227 561 1290 Frontonem
583 1227 743 1290 editurum
765 1248 850 1309 csse,
874 1230 911 1288 ut
932 1226 1088 1288 Frontoni
1109 1225 1275 1308 prodesset
1297 1228 1330 1288 et
1350 1225 1437 1288 viros

292 1330 401 1392 doctos
423 1327 600 1412 obligaret,
623 1350 700 1391 nam
722 1350 773 1391 me
795 1327 924 1411 quidem
945 1349 1012 1391 non
1033 1329 1183 1408 noverat,
1207 1326 1292 1391 ultro
1314 1328 1438 1410 recepit

291 1430 458 1514 negotium
473 1429 674 1513 singulorum
687 1429 837 1492 foliorum
852 1428 1030 1512 specimina
1041 1427 1280 1491 accuratissime
1294 1427 1434 1514 legendi.

292 1530 455 1606 Quantum
477 1529 659 1594 ornamenti
675 1530 808 1593 editioni
829 1550 919 1593 meae
942 1551 980 1592 ex
1002 1528 1224 1592 humanissimi
1239 1529 1300 1591 viri
1322 1529 1436 1593 libera-

290 1633 384 1696 litate
407 1632 593 1713 accesserit‚
618 1652 678 1715 ego
700 1632 776 1713 scio,
801 1631 857 1694 sed
879 1630 1014 1694 lectores
1035 1633 1146 1693 tamen
1169 1630 1326 1712 suspicari
1347 1632 1436 1713 pote-

291 1736 378 1796 rrmt.
409 1732 510 1816 Saepe
537 1753 588 1795 me
615 1732 746 1795 comiter
771 1732 938 1795 admonuit
959 1732 997 1794 de
1020 1752 1126 1795 errore
1147 1730 1199 1794 rel
1219 1731 1436 1814 negligentia3

292 1853 387 1917 saepe
409 1833 565 1896 indicavit
588 1833 727 1896 virorum
754 1832 921 1895 doctorum
943 1832 1183 1896 emendationes
1190 1880 1209 1912 ,.
1230 1853 1312 1914 quae
1341 1832 1435 1895 amici

292 1934 355 1998 mei
377 1934 581 2017 diligentiam
609 1937 641 1997 et
663 1955 767 1997 meam
789 1933 985 2018 effugerant3
1013 1932 1132 1995 multas
1160 1951 1285 2015 quoque
1312 1953 1436 1996 mecum

293 2036 540 2112 communicavit
568 2035 806 2099 emendationes
840 2038 872 2098 et
900 2035 1047 2098 doctrina
1073 2037 1107 2096 et
1134 2034 1259 2118 ingenii
1289 2033 1438 2097 acumine

293 2137 448 2221 insignes.
480 2136 571 2201 Sicut
586 2157 646 2219 ego
661 2136 817 2199 maximas
833 2135 1020 2200 Ecksteinio
1036 2157 1098 2219 ago
1112 2135 1278 2218 habeoque
1301 2135 1436 2218 gratias,
1455 2167 1457 2171 ·

291 2237 387 2300 velim
409 2238 545 2302 lectores
567 2259 691 2321 quoque
713 2237 865 2300 habeant.

376 2339 503 2403 indices
524 2360 603 2423 quos
627 2338 749 2421 addidi,
773 2337 853 2401 Maii
876 2341 961 2402 sunt.
1006 2338 1178 2402 Praeterea
1200 2338 1236 2401 in
1258 2338 1322 2399 fine
1343 2337 1436 2399 tabu-

291 2438 356 2502 lam
377 2440 522 2503 invenies
537 2441 572 2503 in
587 2462 650 2523 qua
666 2440 865 2522 superiorum
883 2440 1059 2503 editionum
1081 2439 1221 2522 paginae
1238 2460 1310 2502 cum
1324 2440 1438 2500 nostra
1456 2432 1458 2437 ’

294 2544 538 2623 componuntur.

549 2771 888 2842 TESTIMONIA
924 2767 1200 2887 Vll'l'llltUll

698 2893 757 2957 DE
779 2893 1028 2959 FRONTONE.

562 3030 598 3084 ll.
617 3029 778 3084 Aurelius
801 3030 840 3083 de
858 3030 971 3083 Rebus
990 3028 1065 3081 Suis
1083 3030 1103 3094 Ι,
1124 3035 1163 3081 11.

377 3132 472 3211 Παρὰ
494 3133 704 3214 Φρόντωνος,
728 3134 766 3197 τὸ
789 3133 948 3210 ἐπιςτῆςαι
971 3132 1024 3196 οία
1045 3132 1065 3209 ἡ
1088 3132 1260 3210 τυραννικὴ
1285 3130 1437 3210 βαςκανία

296 3217 347 3280 καὶ
363 3216 523 3295 ὑπόκριςις
545 3220 596 3281 καὶ
619 3217 668 3281 ὅτι
690 3217 735 3282 ως
759 3217 877 3281 ἐπίπαν
901 3217 933 3280 οἱ
947 3216 1140 3295 καλούμενοι
1162 3215 1252 3280 οὗτοι
1266 3217 1348 3293 παρ)
1363 3215 1436 3293 ἡμῖν

295 3302 496 3381 Εὐπατρίδαι,
519 3301 746 3381 ἀςτοργότεροί
769 3324 840 3367 πως
863 3301 946 3367 εἰςιν.

662 3436 725 3489 Βία
750 3434 889 3489 Cassius
907 3434 1001 3500 LXIX,
1022 3440 1062 3487 18.

378 3540 555 3616 Κορνήλιος
583 3539 741 3616 Φρόντων
770 3537 788 3601 ὁ
816 3538 856 3601 τὰ
884 3542 998 3616 πρῶτα
1019 3543 1085 3602 τῶν
1112 3537 1185 3601 τότε
1208 3535 1375 3614 Ῥωμαίων
1399 3536 1434 3600 ἐν

292 3622 390 3686 δίκαις
419 3622 617 3703 φερόμενος,
647 3622 781 3700 ἑςπέρας
810 3624 891 3686 ποτὲ
920 3621 1045 3702 βαθείας
1073 3620 1138 3684 ἀπὸ
1166 3620 1298 3685 δείπνου
1327 3619 1435 3684 οἴκαδε

294 3707 437 3771 ἐπανιὼν
461 3706 512 3769 καὶ
535 3708 645 3784 μαθὼν
669 3707 757 3784 παρά
778 3726 875 3789 τινος,
900 3708 926 3789 ᾧ
950 3706 1175 3784 ςυνηγορήςειν
1198 3704 1367 3783 ὑπέςχητο,
1390 3708 1436 3767 δι-

291 3792 397 3857 κάζειν
420 3790 535 3872 αὐτόν,
566 3790 601 3854 ἔν
630 3811 664 3854 τε
687 3796 723 3873 τῇ
748 3794 843 3873 ςτολῇ
867 3797 904 3873 τῇ
927 3790 1108 3872 δειπνίτιδι,
1140 3789 1246 3866 ὥςπερ
1269 3788 1372 3867 εἶχεν,
1401 3789 1435 3851 ἐς

291 3877 329 3939 τό
352 3876 550 3953 δικαςτήριον
574 3875 673 3939 αὐτοῦ
697 3875 808 3951 ἐςῆλθε
825 3876 877 3939 καὶ
890 3876 1070 3955 ἠςπόιςατο,
1095 3875 1165 3939 οὔτι
1180 3894 1217 3949 γε
1238 3880 1284 3957 τῷ
1308 3873 1435 3953 ἑωθινῷ

292 3960 503 4040 προςρήματι,
526 3966 572 4042 τῷ
596 3962 701 4038 χαῖρε,
729 3959 813 4024 ἀλλὰ
835 3967 880 4043 τῷ
905 3960 1078 4042 ἑςπερινῷ,
1107 3965 1153 4042 τῷ
1177 3957 1297 4033 ὑγίαινε
1319 3958 1436 4037 χρηςά-

292 4064 396 4123 μενος.

732 4127 823 4181 Idem
841 4126 935 4192 LXXI,
954 4132 995 4179 35.

378 4231 563 4307 Πάμπολλα
592 4228 656 4293 ὑπὸ
684 4230 829 4293 παιδείας
857 4228 1025 4309 ὠφελήθη,
1050 4228 1085 4292 ἔν
1107 4250 1141 4292 τε
1164 4231 1232 4293 τοῖς
1255 4228 1435 4307 ῥητορικοῖς

291 4420 326 4463 τε
349 4399 529 4476 Φρόντωνα
557 4399 616 4462 τόν
643 4399 819 4477 Κορνήλιον
849 4398 900 4460 καὶ
927 4398 984 4461 τὸν
1013 4398 1158 4476 Ἡρώδην
1186 4397 1246 4461 τὸν
1277 4396 1434 4461 Κλαύδιον

292 4483 499 4549 διδαςκάλους
521 4482 601 4561 εἶχε*
622 4486 688 4548 τῶν
711 4485 747 4547 δὲ
769 4483 829 4547 κτὲ.

572 4600 810 4653 Artemidorus
830 4598 868 4652 de
888 4597 1033 4651 Somniis
1051 4598 1097 4663 IV,
1115 4604 1155 4650 ⁶24.

378 4702 430 4766 Ὡς
458 4703 508 4764 καὶ
536 4703 695 4780 Φρόντων
724 4702 944 4779 ὁάρθριτικὸς
971 4701 1144 4779 θεραπείαν
1167 4700 1302 4776 αἰτήςας,
1324 4700 1435 4764 ἔδοξεν

293 4788 411 4853 ἐντοῖς
426 4788 625 4864 προαςτείοις
648 4789 833 4863 περιπατεῖν
855 4786 905 4850 καὶ
927 4786 1123 4864 πυρπολήςει
1144 4784 1341 4863 χρηςάμενος
1357 4803 1435 4861 παρ-

292 4872 434 4949 ηγορήθη
457 4871 589 4936 ἱκανῶς·
613 4872 658 4935 ὡς
679 4870 750 4935 ίςον
774 4869 856 4934 εἶναι
878 4872 916 4934 τὸ
938 4874 1042 4948 χρῆμα
1065 4870 1225 4950 θεραπείᾳ.
