3300 6050
298 867 339 929 48
509 863 545 917 M.
560 860 729 916 CORNELII
747 861 954 915 FRONTONIS
972 859 1227 915 EPISTULARUM

298 1056 392 1117 saepe
413 1037 480 1096 tam
503 1036 596 1096 saevo
619 1033 774 1096 desiderio
790 1033 919 1117 fatiger.
943 1032 1108 1096 Postremo
1131 1033 1234 1096 omnis
1252 1033 1395 1095 omnium
1413 1033 1437 1115 l¹

297 1134 486 1219 populorum
508 1134 668 1216 praesides
691 1135 781 1216 deos,
812 1138 907 1217 atque
929 1135 1035 1217 ipsum
1056 1134 1198 1215 lucum2,
1228 1135 1281 1216 qui
1310 1133 1438 1216 Capito-

297 1237 376 1298 lium
397 1238 540 1299 montcm
567 1235 681 1318 strepit
691 1237 713 1317 ³,
748 1257 865 1319 quaeso
893 1236 1016 1299 tribuat
1050 1235 1110 1298 hoc
1137 1235 1240 1317 nobis,
1273 1238 1310 1297 ut
1341 1222 1438 1297 istum

297 1338 476 1420 diem,qu0
498 1336 578 1399 mihi
600 1340 695 1399 natus
718 1358 751 1399 es
759 1339 781 1418 ⁴,
806 1339 923 1419 tecum,
946 1338 1038 1399 firmo
1060 1339 1093 1399 tc
1114 1336 1271 1419 laetoque,
1297 1336 1460 1422 coucele-v

296 1439 395 1502 brem.
441 1437 538 1520 Vale,
568 1438 612 1500 mi
641 1437 822 1500 dulcissime
852 1441 885 1501 et
918 1438 1098 1501 carissime⁵
1121 1437 1284 1520 magister.
1333 1436 1436 1520 Rogo,

298 1562 411 1622 corpus
435 1561 521 1621 cura,
551 1541 597 1621 ut,
623 1561 717 1622 quom
745 1561 873 1623 venero,
903 1539 1028 1602 videam
1049 1542 1091 1602 te.
1136 1538 1275 1602 Domina
1301 1560 1373 1601 mea
1405 1541 1437 1600 te

184 1631 196 1643 ’
298 1641 426 1709 salutat.

695 1808 743 1875 X.
773 1809 924 1876 Domino
947 1809 1034 1875 Meo.

383 1946 499 2011 Omnia
520 1945 613 2009 nobis
640 1967 792 2028 prospera
820 1949 906 2026 sunt,
935 1967 1030 2028 quom
1057 1947 1094 2008 tu
1121 1966 1179 2028 pro
1206 1945 1298 2009 nobis
1328 1949 1435 2028 optas:

297 2069 400 2130 neque
423 2048 508 2110 enim
531 2047 697 2130 quisquam
719 2047 847 2131 dignior
869 2045 950 2110 alius
970 2054 1013 2128 te,
1038 2046 1092 2129 qui
1115 2068 1133 2108 a
1155 2046 1204 2109 dis
1226 2069 1306 2129 quae
1323 2047 1436 2128 petiit⁶

297 2149 453 2231 inpetret3
490 2148 553 2211 nisi
576 2148 659 2230 quod
681 2169 740 2232 ego
771 2170 844 2211 cum
865 2168 923 2230 pro
945 2150 978 2210 te
999 2169 1147 2230 praecor,
1175 2151 1270 2211 'nemo
1301 2148 1381 2212 alius
1403 2152 1436 2211 te

297 2250 425 2333 dignior
453 2252 511 2331 est,
545 2269 603 2332 pro
625 2270 686 2331 quo
717 2249 915 2332 impetretur.
953 2247 1044 2332 Vale,
1078 2249 1215 2312 Domine
1244 2249 1435 2312 dulcissime.

297 2349 469 2414 Dominam
491 2350 605 2414 saluta.

686 2477 755 2584 iu.
789 2519 940 2586 Domino
962 2520 1050 2586 Meo.

382 2656 495 2719 Gratia
524 2655 563 2718 ad
590 2676 641 2718 me
674 2654 743 2718 heri
771 2658 866 2718 nocte
898 2655 997 2719 venit.
1043 2654 1104 2719 Sed
1130 2677 1189 2739 pro
1217 2654 1330 2720 Gratia
1357 2657 1437 2719 mihi

296 2757 369 2838 fuit,
393 2756 476 2839 quod
497 2759 533 2819 tu
556 2777 690 2840 gnomas
713 2757 842 2840 egregie
859 2756 1056 2838 convertisti,
1080 2756 1164 2820 hanc
1180 2758 1317 2840 quidem,
1341 2780 1437 2842 quam

296 2857 389 2920 hodie
412 2858 530 2940 accepi,
554 2879 653 2940 prope
674 2857 827 2940 perfecte,
851 2860 888 2919 ut
907 2857 985 2940 poni
1006 2857 1041 2920 in
1061 2857 1143 2921 libro
1158 2856 1301 2922 Sallustii
1322 2860 1435 2942 possit,

296 2980 357 3021 nec
384 2958 542 3042 discrepet
575 2961 630 3022 aut
657 2959 828 3043 quicquam
861 2959 1002 3022 decedat.
1047 2959 1119 3045 Ego
1151 2959 1274 3043 beatUS,
1312 2960 1434 3043 hilaris,

297 3082 404 3142 sanus,
427 3061 551 3123 iuvenis
575 3061 710 3143 denique
737 3061 790 3143 fio,
819 3083 914 3144 quom
936 3065 973 3125 tu
993 3061 1041 3124 ita
1068 3062 1206 3144 proficis.
1250 3061 1311 3125 Est
1338 3084 1436 3146 gra-ve

297 3161 380 3244 quod
408 3162 591 3244 postulab03
626 3162 681 3225 sed
708 3163 790 3244 quod
820 3163 889 3245 ipsc
915 3162 1079 3226 mihimet⁷
1108 3162 1265 3245 profuisse
1292 3164 1435 3245 memini,

296 3284 362 3325 non
384 3265 490 3345 potest
511 3265 589 3347 quin
612 3285 630 3326 a
655 3266 687 3325 te
710 3264 853 3346 quoque?3
874 3264 1042 3346 postulem.
1087 3262 1143 3326 Bis
1166 3267 1199 3328 et
1225 3267 1275 3327 ter
1303 3265 1437 3329 eandem

297 3364 490 3445 convertito,
514 3365 560 3428 ita
582 3368 618 3427 ut
639 3368 675 3427 tu
696 3364 803 3427 fecisti
829 3365 864 3427 in
892 3365 948 3427 illa
975 3386 1092 3449 gnome
1116 3364 1287 3429 brevicula.
1332 3366 1437 3450 Igitur

296 3465 456 3549 longiores
472 3487 594 3549 quoque
612 3465 637 3549 19
650 3464 699 3528 bis
715 3487 753 3528 ac
767 3468 817 3529 ter
833 3468 982 3529 converte
997 3466 1132 3547 naviter,
1150 3467 1316 3530 audacter:
1340 3468 1436 3551 quod-

297 3587 431 3649 cumque
458 3588 552 3630 ausus
580 3566 689 3648 fueris,
725 3588 796 3629 cum
829 3567 892 3630 isto
919 3567 1050 3651 ingenio
1077 3567 1232 3650 perficies.
1277 3567 1323 3630 At
1350 3570 1435 3632 enim

297 3688 370 3730 cum
391 3667 499 3730 labore
520 3666 714 3730 laboriosum
736 3668 863 3751 quidem
884 3670 1051 3752 negotium
1074 3670 1262 3752 concupisti,
1290 3670 1344 3732 sed
1366 3670 1435 3753 pul-

297 3789 386 3832 crum
408 3770 440 3831 et
461 3764 607 3856 relctum]
632 3771 664 3831 et
685 3768 795 3851 paucis
817 3769 1034 3852 impetratum.
1058 3768 1141 3833 De¹⁰
1157 3820 1163 3833 .
1182 3821 1189 3833 .
1211 3771 1247 3833 iu
1269 3792 1319 3833 me
1341 3792 1401 3834 re.
1428 3822 1434 3834 .

382 3979 395 4024 1
413 3970 515 4040 Incipit
532 3969 598 4025 Cod.
617 3968 680 4025 Vat.
699 3990 726 4040 p.
742 3978 797 4025 114.

380 4055 482 4109 2C0d.
500 4063 587 4112 locum.

381 4148 396 4195 3
414 4140 489 4193 Nota
505 4151 593 4207 strepa
612 4158 674 4194 cum
692 4141 849 4195 accusativo
868 4157 945 4207 casu,
968 4141 1042 4195 unde
1060 4144 1238 4197 confirmatur
1256 4145 1436 4197 controversa

295 4225 366 4279 Livii
377 4223 588 4293 syntaxisII,45.
602 4230 697 4279 Maius.
717 4225 835 4279 Orellius
846 4226 952 4279 mavult
961 4232 1081 4295 instrepit
1087 4228 1133 4280 rel
1142 4234 1278 4295 amaepit.
1296 4228 1435 4296 Hauptius

297 4311 333 4365 ad
351 4311 429 4364 Ovid.
446 4308 567 4363 Halieut.
586 4328 613 4377 p.
624 4315 657 4363 40
676 4309 791 4377 corrigit
807 4318 900 4377 saepit.
928 4310 999 4364 Vide
1017 4310 1135 4365 eundem
1153 4312 1182 4363 in
1194 4312 1295 4366 Herme
1312 4313 1364 4380 Ip.
1375 4319 1416 4366 33.

380 4401 396 4448 4
414 4392 481 4448 Cod.
499 4412 540 4462 pr.
560 4412 596 4447 m.
616 4406 664 4448 ert.

381 4485 396 4533 5
415 4478 519 4533 Codex:
538 4485 692 4534 cartcsimae.

300 4603 302 4607 -
381 4570 396 4617 6
415 4562 519 4616 Codex:
534 4569 608 4632 perii.
643 4562 769 4617 Correxit
787 4563 956 4634 Schopenus.

381 4656 395 4703 7
415 4647 519 4702 Codex:
538 4652 596 4700 milii
613 4659 645 4701 et.

380 4738 396 4785 8
415 4731 519 4785 Codex:
539 4738 662 4801 quodque.

381 4822 396 4869 9
413 4814 544 4883 Sequitur
562 4814 627 4869 eod.
646 4816 709 4870 Vat.
728 4836 756 4886 p.
771 4824 828 4885 113,
847 4836 918 4887 quae
935 4820 997 4873 tota
1013 4819 1095 4889 nigra
1112 4821 1162 4875 est.

364 4907 396 4957 10
413 4900 445 4955 Iu
463 4900 641 4970 sequentibus
657 4901 763 4954 lacunis
780 4901 856 4956 haud
872 4903 962 4957 multa
977 4905 1064 4959 verba
1080 4905 1231 4974 perierunt.
