3300 6050
585 809 590 817 ’
646 853 682 908 u.
697 853 866 908 connum
883 854 1089 937 uuonrours

498 1259 521 1342 (¹
532 1265 587 1344 M.
612 1263 881 1347 CORNELII
911 1196 1230 1350 FRCNTCNIS

590 1434 830 1506 PRINCH³IA
857 1434 1137 1528 HISTORIAE.)

378 1597 584 1664 DESADER

379 1700 633 1766 ²N.UISTE
679 1700 827 1766 CNNI

379 1801 714 1877 ClELEGASQUCD

378 1901 533 1967 (aAGNI

375 2208 432 2272 ΕΤ
457 2257 515 2272 ...
540 2213 576 2272 ut
597 2211 725 2294 magnis
748 2210 843 2272 rebus
865 2209 965 2293 gestis
988 2209 1122 2274 historia
1143 2232 1209 2274 non
1224 2210 1432 2295 indiligenter

292 2310 431 2374 scribta³
453 2310 602 2374 nonnihil
625 2311 722 2375 studii
745 2314 777 2374 et
799 2310 934 2399 rumoris
964 2314 1097 2381 auctura
1124 2313 1181 2394 sit3
1209 2313 1292 2376 sicut
1321 2313 1432 2397 ignem

292 2411 455 2494 quamvis⁴
476 2433 633 2496 magnum
651 2412 703 2476 vel
724 2413 802 2476 levis
826 2434 904 2475 aura
926 2413 953 2475 si
976 2411 1151 2496 adflaverit,
1176 2402 1362 2478 adiuverit³.

376 2512 440 2576 Ubi
462 2513 600 2595 primum
621 2514 722 2577 freter
742 2515 836 2577 tuus⁵
859 2514 1120 2577 commentarium
1142 2515 1274 2597 miserit,
1298 2536 1365 2580 rem
1382 2537 1431 2579 co-

294 2612 403 2700 [piose]
428 2608 565 2678 scribere
589 2615 820 2698 adgrediemur,
845 2615 872 2678 si
894 2618 1003 2678 tamen
1026 2615 1086 2679 hoc
1109 2616 1191 2698 quod
1207 2617 1337 2700 gustni⁶
1358 2618 1432 2680 mit-

290 2715 404 2799 timus,
435 2738 500 2779 non
528 2716 710 2799 displicebit
734 2766 1040 2780 ..........
1051 2718 1074 2797 ll
1099 2769 1106 2780 .
1133 2768 1139 2780 .
1164 2769 1170 2781 .
1196 2768 1202 2780 .
1232 2717 1353 2782 Tantas
1380 2741 1432 2782 res

292 2839 310 2879 a
332 2819 364 2880 te
387 2820 505 2900 gestas,
530 2820 666 2901 quantas
690 2821 721 2881 et
745 2816 886 2881 Achilles
909 2819 1044 2901 gessisse
1068 2823 1198 2902 cuperet
1220 2822 1252 2882 et
1273 2817 1433 2883 Homerus

292 2916 456 2982 scribsisse
493 2969 499 2982 .
526 2968 534 2983 .
560 2969 567 2981 .
596 2919 849 2983 laborationibus
879 2969 886 2982 .
912 2969 919 2982 .
944 2919 1024 2982 his.
1052 2970 1058 2982 .
1090 2917 1222 3008 [rurlsus
1250 2942 1361 2984 vereor
1389 2943 1432 2985 ne

291 3043 354 3104 qua
387 3020 529 3084 novitate
553 3072 558 3085 .
585 3048 594 3084 .’
615 3020 762 3090 insolita.⁸
785 3071 1158 3085 ............
1182 3044 1250 3085 rem
1284 3023 1432 3087 cantibus

292 3126 324 3186 et
346 3122 447 3186 modis
470 3122 623 3186 absonum
653 3122 729 3206 quid
751 3123 915 3186 modulatu
943 3126 975 3186 et
1003 3113 1102 3187 cantu
1123 3125 1293 3187 cecinerim
1322 3174 1328 3187 .
1355 3175 1361 3187 .
1389 3175 1396 3188 .
1424 3175 1430 3189 .

294 3273 1202 3288 ............................
1214 3224 1432 3308 5⁹...n0-

292 3359 494 3371 ,...-...,-

376 3463 393 3499 a
412 3449 444 3498 Iu
462 3450 587 3513 marpine:
607 3424 684 3497 Sicut
700 3440 794 3512 ignem
813 3473 845 3483 -
864 3443 1008 3497 adiuverit.

378 3641 388 3684 1
409 3631 567 3699 Sequuntur
585 3630 656 3684 duae
674 3632 795 3700 paginae
814 3631 948 3684 obscurae
966 3634 1016 3681 264
1029 3631 1058 3682 et
1069 3635 1127 3694 263,
1146 3647 1218 3697 quae
1235 3631 1378 3699 pertinent
1396 3632 1432 3685 ad

292 3720 446 3771 extremum
463 3715 565 3769 librum
582 3715 608 3768 II
626 3716 662 3768 ad
680 3715 799 3780 Amicos,
819 3711 894 3768 euius
911 3715 1069 3783 postremas
1082 3712 1215 3782 epistolas
1227 3715 1381 3769 desiderari
1399 3732 1433 3769 ex

291 3801 385 3856 Indice
403 3800 591 3869 cognovimus.
626 3799 728 3869 Incipit
746 3798 812 3853 Cod.
831 3818 859 3868 p.
878 3804 936 3865 276,
953 3798 1046 3851 lacera
1064 3799 1093 3851 et
1109 3798 1184 3851 lectu
1202 3799 1327 3853 difficilis.

377 3892 392 3938 2
410 3884 512 3954 Incipit
530 3884 619 3938 altera
637 3885 772 3938 columna.

377 3969 499 4024 3Maius
527 3969 633 4023 confert
658 3968 810 4023 Lucienum
838 3972 963 4031 Quomodo
988 3971 1124 4021 scribenda
1146 3973 1180 4020 eit
1200 3972 1318 4023 talaria.
1355 3968 1433 4022 Idem

292 4055 373 4123 plura
396 4054 475 4109 addit
496 4054 530 4107 de
555 4054 736 4123 scriptoribus
754 4051 878 4106 Parthici
899 4052 974 4105 belli.
1009 4050 1164 4105 Videantur
1181 4053 1328 4119 praeterea
1349 4052 1433 4104 Phili-

293 4139 357 4192 bert
376 4138 468 4206 Soupe
485 4158 513 4207 p.
534 4146 565 4193 74
584 4143 612 4193 et
629 4136 796 4193 Niebuhrius
814 4155 841 4205 p.
860 4142 917 4189 239.

376 4222 511 4276 4Maius:
531 4229 693 4293 quantumvis.
740 4265 743 4270 .

377 4305 527 4361 evidetur
545 4309 598 4362 hoc
617 4307 772 4361 desumtum
797 4321 830 4357 ex
848 4305 967 4374 epistole
985 4306 1021 4359 ad
1037 4306 1073 4359 M.
1093 4303 1247 4369 Aurelium
1270 4305 1333 4374 ipsa
1354 4305 1433 4358 Prin·

294 4389 366 4459 cipia
382 4390 531 4460 Historiae,
550 4392 587 4446 ad
603 4391 708 4444 Verum
726 4390 800 4456 duta,
819 4389 962 4458 incipiunt,
981 4388 1010 4442 ni
1027 4388 1117 4456 fallor,
1135 4406 1193 4455 seq.
1212 4406 1277 4457 pag.
1298 4395 1355 4442 275.

377 4481 392 4528 6
411 4475 515 4531 Codex:
533 4487 613 4545 pasto.

379 4567 392 4615 7
410 4561 556 4615 Perierunt
578 4561 710 4628 quattuor
727 4576 823 4613 versus
842 4577 905 4613 curn
922 4558 1045 4613 dimidio.
1082 4558 1213 4635 Sequitur
1232 4558 1297 4613 cod.
1321 4576 1348 4627 p.
1369 4564 1433 4625 275,

295 4662 364 4711 quae
383 4663 465 4700 erasa
483 4648 532 4712 est,
551 4643 645 4699 sedin
662 4644 788 4713 merg'ne
806 4661 897 4713 pauca
915 4644 1054 4712 quaedam
1072 4644 1229 4713 supersunt.

378 4736 394 4783 8
411 4730 475 4783 Alia
492 4730 567 4799 apud
583 4728 696 4784 Maium.
721 4728 922 4799 Supplementa
939 4729 974 4783 de
992 4745 1069 4782 more
1087 4728 1186 4783 damus
1203 4726 1304 4781 litteris
1322 4728 1432 4782 italicis.

295 4814 457 4884 Suspectum
474 4814 640 4868 vocabulum
657 4818 817 4879 solisandium
835 4829 891 4866 non
907 4814 1010 4881 legitur
1027 4813 1056 4865 iu
1075 4812 1183 4866 Codice.

378 4907 393 4952 9
412 4897 542 4967 Sequitur
561 4898 625 4952 Cod.
644 4917 671 4967 p.
691 4904 752 4965 2663
776 4900 903 4966 superest
920 4898 1001 4950 unica
1019 4896 1164 4950 adnotatio
1182 4895 1210 4949 in
1229 4895 1364 4963 margine.
