3300 6050
700 827 979 881 Paouuaonuun.
1000 794 1002 796 ’
1366 848 1415 894 v„

275 1021 398 1062 summa
427 1000 595 1083 diligentia
624 998 782 1082 quaesivit
808 998 1020 1082 Niebuhrius,
1054 1023 1117 1083 qua
1150 1001 1274 1064 ratione
1307 1002 1414 1066 omnia

273 1099 387 1163 melius
408 1102 628 1184 procederent.
660 1101 721 1176 Qui
743 1124 840 1184 quum
863 1101 1144 1184 reprehensionem
1165 1125 1231 1166 non
1253 1103 1412 1188 effugerit,

273 1195 364 1284 quasi
386 1202 421 1264 in
445 1203 579 1266 obscura
602 1225 636 1266 re
658 1203 782 1286 ingenii
803 1202 923 1266 viribus
947 1203 1064 1266 abusus
1087 1207 1180 1285 esset,
1207 1207 1351 1285 βοηθήεω
1367 1213 1412 1286 τῷ

273 1305 338 1388 ἐμῷ
363 1304 524 1389 ὁμωνύμῳ
548 1307 626 1370 κατὰ
649 1306 685 1369 τὸ
709 1306 849 1370 δυνατὸν
873 1307 914 1387 et,
939 1326 972 1367 re
996 1307 1144 1368 accurate
1167 1306 1343 1388 explorata,
1368 1307 1413 1368 af-

272 1405 375 1487 firmo,
398 1426 528 1488 prorsus
544 1406 769 1485 incredibilem
798 1409 832 1469 et
852 1428 955 1488 paene
985 1407 1126 1470 (livinam
1154 1408 1253 1470 fuisse
1280 1408 1316 1470 in
1337 1406 1412 1470 Nie-

272 1505 389 1569 buhrio
408 1507 526 1570 mentis
549 1508 668 1591 aciem,
698 1508 752 1591 qui
786 1508 959 1572 divinando
987 1511 1022 1572 in
1049 1510 1217 1594 permultis
1250 1511 1412 1572 assecutus

272 1609 330 1690 sit,
366 1631 428 1691 quo
456 1609 577 1691 Maiae,
607 1632 801 1692 quamquam
828 1610 934 1693 ipsum
963 1611 1103 1693 codicem
1137 1611 1249 1675 ducem
1277 1610 1410 1692 habena,

271 1733 337 1772 non
359 1713 500 1793 potuerit
521 1714 632 1774 tamen
653 1699 830 1795 pervenire.
875 1710 909 1775 Si
937 1712 1007 1794 quis
1034 1713 1121 1775 verbi
1153 1735 1248 1776 causa
1271 1711 1411 1775 contule-

270 1811 314 1873 rit
335 1811 507 1875 Frontonis
529 1816 724 1895 postremum
752 1834 851 1896 opus,
885 1819 1044 1893 Principio
1072 1820 1227 1878 Historiae
1255 1814 1325 1877 dico
1332 1864 1340 1896 ,
1376 1814 1412 1876 in

271 1911 471 1976 Berolinensi
495 1914 633 1977 editione
658 1936 729 1977 cum
753 1936 825 1977 vero
853 1917 1086 1978 sententiarum
1115 1915 1226 1979 ordine
1255 1919 1286 1978 et
1313 1938 1409 1998 nexu,

272 2014 483 2079 admirabitur
516 2016 620 2079 virum
654 2038 783 2099 prorsus
821 2017 1121 2099 incomparabilem,
1161 2017 1214 2100 qui
1256 2016 1411 2080 acerrimo

271 2136 366 2179 sensu
389 2117 456 2180 eius
479 2118 562 2200 quod
585 2118 676 2180 decet
703 2140 741 2180 ex
769 2118 966 2181 tenuissimis
994 2118 1122 2182 indiciis
1145 2122 1299 2201 tanquam
1322 2121 1411 2181 vates

269 2219 438 2301 praedixit,
462 2242 543 2302 quae
566 2242 653 2282 nime
676 2219 962 2283 confirmabuntur.

352 2319 476 2383 Deinde
499 2321 604 2384 Maius
627 2320 809 2384 Mediolano
833 2320 968 2384 Romam
991 2321 1152 2405 migravit,
1177 2323 1213 2383 ut
1236 2321 1411 2385 custodiret

268 2420 462 2484 Vaticanam
484 2422 721 2486 bibliothecam.
759 2422 809 2485 lbi
833 2445 905 2485 cum
928 2425 1068 2486 vetustos
1092 2412 1215 2486 cedices
1237 2423 1410 2505 rescriptos

267 2526 438 2606 tractaret,
468 2525 581 2608 fugere
610 2546 682 2613 eum
704 2547 769 2587 non
791 2524 913 2607 potuit,
944 2524 1016 2611 alia,
1029 2523 1202 2587 Frontonis
1223 2524 1410 2608 fragmenta

267 2624 367 2687 latere
389 2626 425 2688 in
449 2626 565 2709 codice,
589 2626 644 2709 qui
667 2626 743 2688 olim
764 2649 839 2708 pars
862 2625 960 2689 fuerit
982 2627 1189 2690 Ambrosiani
1212 2626 1339 2708 codicia,
1363 2627 1409 2689 ita

267 2728 303 2788 ut
332 2729 467 2810 utraque
488 2728 672 2811 fragmenta
701 2750 739 2791 ex
768 2750 832 2791 uno
860 2729 1031 2811 eodemque
1054 2728 1161 2791 codice
1189 2727 1409 2791 Frontoniano

267 2828 411 2891 desumta
433 2830 499 2893 sint
522 2833 554 2892 et
575 2829 695 2892 Romae
717 2830 850 2894 inventa
873 2830 1003 2913 egregie
1025 2829 1206 2913 suppleant,
1230 2851 1310 2912 quae
1333 2829 1409 2892 olim

265 2930 443 3013 prodierint
472 2930 656 2994 Mediolani.
701 2931 775 2994 Non
803 2934 931 3014 poterat
952 2931 1056 2994 Maius
1079 2931 1330 2994 Ambrosianum
1359 2953 1407 2994 co-

266 3032 368 3095 dicem
389 3034 506 3096 iterum
523 3035 677 3116 conferre,
702 3035 786 3118 quod
800 3038 874 3117 post
888 3033 1058 3112 Niebuhrii
1073 3034 1292 3097 recensionem
1307 3033 1407 3097 liben-

264 3137 324 3216 ter,
349 3138 384 3197 ut
407 3136 529 3218 opinor,
553 3136 700 3219 fecisset,
724 3136 779 3199 sed
793 3138 903 3198 tamen
919 3159 957 3199 ex
974 3136 1303 3199 animadversionibus
1325 3137 1406 3199 viro-

264 3257 335 3297 rum
357 3237 523 3300 doctorum
547 3233 746 3320 aliquantum
767 3237 915 3321 profecit.
956 3238 1068 3319 Itaque
1091 3237 1126 3299 in
1151 3236 1319 3300 Vaticanis
1341 3237 1406 3300 fra-

264 3339 404 3421 gmentis
420 3337 540 3402 Romae
557 3339 686 3402 edendis
703 3341 747 3401 A⁰
766 3339 847 3403 1823
863 3340 993 3402 editoris
1016 3362 1147 3402 munere
1169 3339 1270 3401 multo
1292 3338 1405 3402 melius

263 3439 394 3503 functus
423 3444 487 3522 est,
522 3444 558 3504 ut
586 3442 717 3504 minime
746 3441 877 3504 dubium
914 3441 956 3503 sit
963 3491 971 3523 ,
989 3428 991 3435 ¹
1007 3464 1079 3503 eum
1107 3441 1280 3504 Mediolani
1307 3442 1342 3504 in
1370 3462 1404 3503 re

263 3556 393 3623 prorsus
416 3544 527 3606 eadem
548 3543 632 3605 idem
654 3544 795 3625 potuisse
817 3545 992 3625 praestare,
1018 3543 1044 3605 si
1058 3543 1171 3606 ‘eadem
1192 3543 1316 3626 fuisset,
1341 3566 1417 3626 qua·
1496 3629 1498 3633 y

263 3646 390 3726 postea,
420 3644 537 3727 peritia
557 3639 599 3707 'et
627 3644 804 3727 diligentia.
850 3645 963 3728 Itaque
992 3644 1088 3708 editio
1115 3645 1262 3708 Romana
1289 3645 1403 3709 tolera·
1491 3641 1495 3654 ‘

263 3744 336 3807 bilis
357 3746 495 3809 fortasse
518 3749 566 3808 est
588 3746 622 3809 in
644 3746 836 3830 fragmentis
859 3746 1042 3827 VaticaniS,
1073 3747 1127 3808 sed
1154 3747 1189 3809 in
1210 3748 1402 3831 fragmentis

263 3846 497 3930 Ambrosianis,
521 3869 602 3930 quae
625 3847 735 3910 eadem
757 3838 1007 3930 opportunitate=
1020 3848 1137 3910 iterum
1160 3848 1273 3930 edidit,
1298 3871 1402 3931 pauca

263 3948 418 4029 quaedam
441 3949 611 4012 emendata
632 3949 760 4031 quidem
782 3952 868 4030 sunt,
892 3971 1026 4032 quorum
1048 3949 1149 4012 maior
1170 3971 1245 4032 pars
1268 3951 1401 4014 debetur

263 4049 363 4112 doctis
396 4048 652 4113 Berolinensium
686 4050 974 4131 observationibuS,
1014 4051 1068 4113 sed
1101 4051 1239 4134 plurima
1255 4040 1257 4042 ⁵
1271 4074 1401 4135 prorsus

263 4150 397 4214 absurde
420 4151 506 4214 edita
528 4154 604 4215 sunt
631 4154 663 4214 et
685 4152 725 4214 ad
747 4151 834 4215 hunc
862 4153 944 4216 diem
971 4153 1134 4237 leguntur.
1178 4152 1249 4216 Hoc
1277 4175 1401 4237 quoque

261 4252 295 4314 in
318 4251 403 4315 Maio
427 4253 620 4335 culpandum
643 4256 702 4335 est,
726 4275 798 4316 eum
820 4276 974 4337 persaepe
989 4277 1055 4319 non
1070 4255 1230 4318 monuisse
1252 4256 1397 4338 lectores

261 4353 336 4435 quid
359 4353 492 4417 aliorum
515 4356 706 4419 coniecturis
729 4356 858 4419 deberet
880 4358 912 4419 et
934 4357 1009 4439 quid
1031 4357 1066 4419 in
1088 4356 1193 4420 codice
1215 4357 1355 4440 legisset.

345 4454 464 4529 Quodsi
486 4456 556 4538 quis
579 4460 726 4539 quaerat,
761 4458 917 4540 quomodo
939 4458 1007 4521 fieri
1030 4458 1185 4540 potuerit,
1220 4460 1256 4519 ut
1277 4457 1398 4521 Rornae

259 4554 338 4620 Maii
360 4578 456 4639 opera
478 4560 570 4620 tanto
594 4561 677 4620 esset
703 4559 897 4622 fructuosior
924 4582 1019 4642 quarn
1042 4558 1230 4640 Mediolani,
1259 4558 1398 4641 primum

260 4659 493 4722 observandum
521 4662 570 4723 est
597 4660 632 4721 in
660 4660 793 4722 vetustis
823 4660 984 4723 codicibus
1006 4659 1152 4743 legendis
1175 4680 1276 4723 annos
1300 4661 1329 4724 ei
1350 4665 1396 4726 at-

259 4760 372 4823 tulisse
399 4760 557 4843 peritiam.
603 4760 685 4823 Tum
712 4761 747 4822 in
769 4760 929 4824 Vaticano
952 4761 1059 4824 codice
1082 4761 1215 4844 antiqua
1238 4762 1396 4845 scriptura

173 4869 182 4888 ⁸
259 4864 345 4927 recte
368 4864 481 4925 renata
503 4864 566 4946 est,
591 4883 663 4925 cum
685 4861 788 4925 Maius
817 4862 857 4925 ad
878 4862 1127 4929 Ambrosianum
1148 4862 1266 4927 librum
1287 4864 1395 4949 legen-
