3300 6050
286 852 344 916 156
492 850 529 903 M.
543 848 712 904 CORNELII
729 847 936 903 FIIONTONIS
954 846 1209 903 EPISTULARUM

283 1042 395 1084 censeo
418 1019 581 1101 radicitus,
604 1018 701 1081 immo
724 1039 797 1081 vero
819 1018 988 1082 Plautino¹
1010 1019 1116 1082 trato²
1137 1021 1244 1102 verbo,
1268 1024 1420 1088 exradici-

281 1125 343 1184 tus
389 1120 500 1204 Neque
528 1120 642 1204 ignoro
671 1120 833 1202 copiosum
861 1121 1029 1184 sententiis
1057 1124 1089 1183 ct
1111 1121 1343 1188 redundantem
1364 1124 1420 1189 ho-

281 1224 400 1287 minem
421 1244 502 1286 esse:
532 1243 641 1286 verum
664 1223 842 1285 sententias
864 1222 931 1284 eius
952 1221 1107 1286 tolutarcs
1129 1222 1220 1286 video
1241 1228 1419 1308 nusquam3

281 1323 475 1407 quadripedo
495 1324 619 1388 concito
642 1346 736 1388 cursu
752 1327 878 1405 tenere,
896 1345 1053 1406 nusquam
1069 1345 1215 1408 pugnare
1223 1326 1245 1407 ¹,
1262 1349 1419 1412 nusquam

283 1424 507 1511 [ma]iestatem
529 1427 666 1507 studere,
690 1428 727 1488 ut
748 1425 911 1501 Laberius,
934 1425 1143 1491 dictabolaria
1165 1425 1263 1490 immo
1286 1429 1419 1494 dicteria

280 1528 386 1610 potius
409 1550 481 1591 eum
504 1550 598 1611 quam
621 1528 706 1590 dicta
730 1527 893 1591 continere
902 1526 923 1589 ⁵.

364 1628 458 1693 Itane
473 1630 636 1693 existimas
652 1629 814 1712 graviores
831 1628 1007 1691 sententias
1032 1626 1076 1714 [et
1091 1630 1202 1692 eadem
1217 1630 1256 1693 de
1271 1631 1317 1719 re]
1336 1635 1419 1716 apud

280 1730 453 1794 Annaeum
480 1731 577 1795 istum
606 1733 806 1813 reperturum
833 1732 866 1792 to
893 1751 989 1812 quam
1017 1730 1101 1812 apud
1124 1730 1315 1815 Sergiumss?
1358 1733 1420 1797 Sed

280 1853 346 1895 non
368 1833 546 1896 modulatas
570 1853 682 1916 aeque3
710 1832 829 1894 fateor:
852 1853 955 1913 neque
978 1830 1024 1894 ita
1048 1831 1263 1915 l⁷cordaces¹3
1285 1835 1332 1897 ita
1354 1838 1418 1898 cst:

280 1955 383 2016 neque
405 1934 451 1996 ita
474 1934 651 2016 tinnulas¹¹3
673 1954 740 1997 non
761 1953 857 2016 nego.
892 1931 975 2006 quid
998 1953 1071 1995 vero
1093 1933 1120 1995 si
1142 1933 1312 2016 prandium
1335 1935 1432 1999 idem·

280 2035 443 2118 utriusque
453 2035 476 2074 ¹⁰
493 2037 689 2118 apponatur,
714 2037 748 2096 at
768 2034 890 2116 positas
901 2033 921 2072 ¹¹
939 2033 1025 2097 oleas
1046 2033 1127 2097 alter
1142 2034 1253 2117 digitis
1268 2037 1415 2119 prendat,

280 2137 320 2200 ad
343 2159 377 2200 os
401 2137 535 2218 adferat,
559 2138 595 2199 ut
617 2134 833 2199 manducandi
855 2135 905 2198 ius
925 2135 1037 2217 fasque
1061 2138 1109 2198 est
1118 2135 1165 2198 ita
1180 2136 1329 2199 dentibus
1345 2138 1416 2200 sub·

279 2239 371 2321 iciat3
395 2238 476 2300 alter
499 2241 607 2301 autem
628 2237 714 2300 oleas
736 2259 809 2300 suas
832 2237 867 2298 in
890 2236 991 2298 altum
1012 2235 1126 2318 iaciat,
1156 2257 1209 2299 ore
1233 2241 1343 2320 aperto
1366 2261 1416 2301 ex-

280 2340 388 2422 cipiat,
402 2341 562 2422 exceptae,
579 2342 615 2401 ut
628 2338 764 2402 calculos
780 2337 1007 2421 praestigiator
1018 2336 1051 2419 ¹²,
1063 2337 1254 2421 primoribus
1265 2338 1417 2402 labris³¹3

279 2429 443 2504 ostentet?
478 2439 527 2503 Ea
548 2461 582 2502 re
607 2439 752 2523 profecto
772 2439 864 2522 pueri
884 2438 1062 2520 laudent¹¹,
1087 2439 1238 2502 convivae
1259 2439 1416 2504 delecten-

278 2546 345 2624 tur3
368 2542 423 2604 sed
447 2541 527 2605 alter
541 2541 654 2624 pudice
676 2539 852 2624 prandent,
877 2540 959 2602 alter
980 2539 1104 2602 labellis
1120 2540 1328 2623 gesticulatus
1344 2543 1414 2606 erit.

362 2678 379 2715 a
398 2665 430 2713 In
447 2665 575 2728 marpine:
604 2658 775 2713 Primoribus
796 2656 898 2711 labris:
924 2656 1003 2710 finxit
1024 2655 1224 2710 nominativum
1247 2657 1417 2728 singularem

277 2746 330 2800 hoc
347 2746 452 2814 primr
468 2744 586 2798 labrum.

364 2872 376 2917 1
395 2863 506 2917 Mostell
522 2862 555 2915 V.
574 2868 597 2914 1.
616 2867 648 2915 63
667 2863 701 2928 [v.
723 2861 859 2928 1112111.

363 2956 377 3002 2
395 2950 440 3002 Ita
452 2946 552 3002 Codex.
577 2946 679 2998 Maius:
698 2951 773 2999 irato.
798 2944 907 2998 Riesius
918 2944 947 2999 in
958 2945 1056 2998 Annal.
1071 2945 1242 2999 Fleckeiseni
1254 2947 1314 3000 XCI
1326 2966 1353 3016 p.
1369 2954 1417 3001 146

278 3035 388 3089 coniicit
406 3040 546 3091 translato:
568 3030 696 3084 Hertzius
713 3030 780 3083 ibid.
799 3028 886 3082 XCIII
904 3048 931 3098 p.
950 3035 999 3084 579
1018 3038 1125 3092 tralato,
1148 3032 1221 3099 quod
1240 3032 1287 3101 igo
1306 3050 1416 3100 quoque

278 3120 462 3183 conieceran,
480 3115 646 3169 Ritscholius
664 3120 740 3176 irati,·
762 3115 872 3168 Iordan.
892 3114 988 3168 Caton.
1007 3132 1034 3183 p.
1054 3113 1167 3173 XCVIII
1185 3127 1258 3175 utam
1280 3117 1416 3186 Hauptius

275 3210 361 3271 surdo:
378 3201 550 3256 Ecksteinius
568 3220 639 3254 raro.
926 3250 928 3255 ,

364 3296 379 3342 3
396 3286 486 3341 Maius
504 3288 664 3355 qzeamquam}
682 3302 738 3338 non
756 3301 788 3337 co
808 3284 913 3336 rluount
929 3281 1049 3350 vestigia
1066 3284 1094 3337 in
1113 3283 1179 3337 Cod.

361 3372 581 3425 4Heindorfins:
598 3389 721 3437 paupere.
819 3416 825 3428 ‚

362 3463 377 3511 5
395 3457 501 3510 Horum
519 3454 667 3508 verborum
684 3452 832 3507 lectionem
851 3451 915 3506 dedi
934 3470 987 3505 seo.
1010 3451 1127 3516 Maium;
1158 3453 1207 3505 sed
1225 3453 1247 3506 si
1268 3452 1297 3506 in
1316 3452 1416 3507 Codice

276 3543 359 3596 hodic
378 3557 487 3609 quoque
505 3538 562 3607 legi
579 3538 700 3607 possent,
719 3539 877 3607 appareret,
896 3538 927 3591 ut
945 3539 1052 3607 opinor,
1070 3554 1133 3591 eum
1152 3553 1266 3591 errasse.
1303 3538 1416 3591 Amicus

275 3626 357 3680 vidit:
387 3632 490 3679 studere
510 3666 675 3677 .......
676 3641 679 3646 ·
696 3663 887 3677 ........
912 3626 1071 3676 dictatorum
1091 3664 1202 3675 .....
1226 3628 1301 3675 teria.
1337 3623 1416 3692 Inge-

276 3712 352 3765 niose
370 3709 556 3764 Heindorfius:
589 3712 629 3773 et,
653 3717 679 3760 ut
697 3712 823 3762 Laberius
841 3707 892 3772 ait,
915 3705 1094 3773 dictabolari,
1117 3712 1187 3759 inimo
1206 3712 1316 3761 dicterio
1330 3715 1417 3775 politas

276 3817 330 3849 enm
348 3816 420 3865 quam
438 3801 507 3848 dicta
526 3791 695 3852 continuare.

362 3886 376 3933 6
395 3878 475 3944 Quod
493 3878 586 3943 doleo,
609 3877 679 3930 haec
701 3892 811 3946 quoqne
834 3876 968 3944 pleraque
992 3876 1085 3930 omnia
1104 3878 1282 3930 evanuerunt.
1319 3878 1373 3930 Pro
1392 3885 1416 3931 in

277 3967 351 4033 quod
368 3963 489 4033 legerat,
507 3962 596 4016 Maius
615 3960 693 4014 dedit
711 3972 743 4015 te.
773 3960 814 4014 De
828 3959 926 4028 Sergio
945 3961 1007 4014 vide
1025 3959 1156 4014 iudicium
1169 3960 1330 4025 Quintiliani
1349 3964 1414 4016 Inst.

276 4052 348 4105 VIII.
368 4059 391 4105 3.
412 4056 452 4103 33.

362 4141 376 4189 7
394 4132 495 4201 Incipit
513 4132 579 4186 Cod.
598 4150 626 4201 p.
643 4137 700 4186 381.

361 4225 377 4273 8
394 4219 437 4272 An
455 4223 612 4273 conducens?
647 4222 820 4283 Her'ndorfius.
856 4214 1006 4283 Hauptius:
1024 4235 1157 4285 crepares.

361 4310 376 4356 9
396 4302 461 4356 Cod.
476 4320 521 4379 pr.
542 4319 578 4355 m.
600 4306 736 4355 atiunulus.

346 4394 376 4442 10
394 4389 438 4440 Ita
455 4386 555 4440 Codex.

345 4478 373 4524 ll
395 4471 434 4525 Cf.
448 4470 558 4525 Lachm.
574 4470 677 4524 Comm.
691 4469 720 4523 in
736 4470 844 4523 Lucret.
857 4488 884 4538 p.
899 4476 955 4523 352.
981 4470 1089 4539 Nempe
1106 4470 1255 4539 legendum
1274 4478 1416 4539 adpositas.

346 4562 376 4608 12
396 4556 461 4608 Cod.
477 4561 686 4623 praestrrpialor.

346 4646 377 4695 13
396 4639 462 4694 Cod.
475 4659 517 4709 pr.
531 4658 566 4693 m.
587 4644 692 4694 loboris.
715 4638 889 4694 Eoksteinius
907 4639 1004 4693 laudat
1022 4640 1075 4693 Cic.
1094 4657 1146 4710 pro
1165 4641 1239 4695 Cael.
1260 4647 1299 4707 12,
1318 4647 1363 4706 ‘283
1382 4641 1416 4694 de

277 4723 352 4778 Orat.
366 4726 386 4777 I.
404 4731 441 4777 19.
456 4732 500 4790 88;
513 4725 602 4778 Plaut.
618 4722 770 4777 Trinumm.
783 4743 808 4777 v.
823 4730 884 4789 9103
903 4723 1080 4793 Oudendorp.
1093 4725 1122 4778 in
1134 4726 1235 4795 Appul.
1248 4725 1314 4778 Met.
1332 4744 1359 4793 p.
1374 4730 1414 4779 66.

346 4814 376 4861 14
393 4809 482 4862 Maius
505 4809 612 4863 confert
635 4807 797 4872 Quintillani
818 4806 951 4862 iudicium
976 4808 1065 4861 Instit.
1089 4809 1122 4862 X.
1150 4817 1171 4864 1.
1212 4809 1299 4863 Recte
1322 4810 1416 4863 Iacob·

276 4891 344 4945 slus:
360 4899 493 4961 plaudant.
