3300 6050
353 865 355 870 ’
472 866 520 921 AD
538 866 575 920 M.
590 865 781 943 CAESAREM
798 866 844 952 ΕΤ
863 865 1015 921 lNVlCEM
1032 867 1140 920 LIBER
1157 868 1190 919 ll.
1353 868 1395 932 25

256 1041 358 1105 mater
385 1041 441 1100 tua
468 1041 504 1100 ut
531 1039 657 1121 opicum
680 1007 874 1102 contemnat.
914 1039 994 1102 Vale
1017 1038 1153 1102 Domine
1176 1041 1208 1100 et
1229 1038 1325 1099 matri
1347 1059 1394 1101 sa-

256 1140 343 1208 vium
365 1139 414 1222 da,
440 1161 512 1205 cum
534 1128 704 1227 epistulam
726 1139 826 1224 dabis
850 1161 912 1228 quo
934 1139 1086 1208 libentius
1109 1134 1226 1229 legat¹.

473 1499 541 1582 (M.
565 1501 837 1585 CORNELII
863 1503 1177 1584 FRONTONIS

286 1670 711 1746 arrarumaunnn
737 1645 1057 1745 menusanum
1082 1673 1142 1744 nr
1169 1672 1369 1744 muioau

672 1836 861 1903 niara
897 1838 975 1924 nu

482 2059 514 2124 1.
545 2059 710 2144 (nomino
733 2060 808 2125 ua
833 2030 977 2126 caesari
999 2059 1163 2143 arona.)

339 2195 589 2272 lPosterioribus
611 2195 728 2258 litteris
750 2195 832 2277 tum,
858 2216 914 2258 cur
935 2195 1127 2258 orationem‘
1135 2196 1169 2258 in
1192 2197 1305 2258 senatu
1328 2217 1394 2258 non

241 2296 468 2379 recitaverim,
498 2296 670 2379 requisisti.
715 2296 762 2359 At
789 2318 849 2381 ego
877 2301 910 2360 et
937 2297 1040 2360 edicto
1069 2296 1190 2380 gratias
1213 2317 1308 2380 agere
1331 2295 1393 2358 Do-

252 2398 340 2460 mino
367 2419 436 2481 meo
465 2399 550 2481 patri
577 2401 633 2461 tuo
656 2398 769 2479 debe03
801 2399 857 2460 sed
885 2398 1023 2461 edictum
1050 2398 1176 2481 quidem
1200 2397 1393 2460 circensibus

253 2499 370 2562 nostris
398 2520 589 2582 proponam,
624 2496 717 2562 cuius'
740 2499 936 2582 principium
962 2499 996 2562 id
1017 2499 1122 2582 ipsum
1144 2499 1220 2562 erit:
1243 2537 1285 2546 —
1309 2501 1393 2574 Οιια4

253 2606 302 2663 die
319 2607 452 2679 primum
474 2607 617 2677 beneficio
638 2608 766 2666 maaimc‘
780 2606 935 2681 principis
956 2606 1074 2663 ederem
1096 2607 1300 2680 spectaculum
1321 2623 1393 2679 qra-

251 2707 393 2766 tc‘ssc'mum
409 2709 526 2786 populo
541 2709 902 2782 maximequepopulare,
925 2709 1125 2782 tempestivam
1140 2708 1263 2766 duxisse
1275 2711 1395 2781 erudias

253 2823 346 2880 acere
368 2814 400 2866 ut
422 2808 499 2867 idem
522 2809 585 2867 dies
610 2843 653 2853 —-
680 2803 734 2867 hic
756 2803 862 2886 aliqua
890 2807 1040 2886 sequatur
1062 2796 1198 2892 tulliana
1221 2805 1391 2880 conclusio.

254 2904 440 2968 Orationem
463 2909 570 2969 autern
591 2906 626 2968 in
650 2908 763 2968 senatu
785 2905 927 2968 recitabo
943 2905 1087 2988 augustis
1102 2905 1217 2968 idibus.
1253 2905 1393 2980 Quaeras

251 3006 388 3071 fortasse
412 3029 467 3072 cur
489 3005 624 3071 tarde5?
651 3006 802 3091 quoniam
824 3029 884 3091 ego
904 3020 1081 3090 'numquam
1102 3006 1259 3090 primumG
1287 3006 1393 3071 officio

252 3108 397 3173 sollemni
426 3131 552 3193 quoquo
573 3109 666 3171 modo
687 3108 782 3191 fungi
803 3129 948 3191 propero
993 3107 1055 3172 Sed
1062 3158 1070 3191 ,
1101 3112 1137 3171 ut
1164 3111 1270 3172 tecum
1298 3131 1393 3192 agere

253 3210 350 3273 debeo
373 3211 441 3274 sinc
464 3210 537 3274 fuco
566 3213 598 3273 et
620 3210 689 3272 sine
712 3209 917 3292 ambagibus,
954 3210 1057 3272 dicam
1086 3209 1162 3292 quid
1191 3232 1263 3273 cum
1286 3211 1393 3273 animo

251 3333 321 3374 meo
343 3315 497 3394 reputem.
528 3310 644 3374 Divom
658 3310 860 3373 Hadrianum
876 3332 968 3373 avom
982 3313 1073 3372 tuum
1087 3310 1215 3373 laudavi
1230 3311 1393 3413 innsenatu

252 3435 479 3496 saepenumero
501 3412 606 3476 studio
628 3412 763 3495 inpenso
786 3415 818 3475 et
840 3432 998 3494 propenso
1020 3432 1159 3493 quoque:
1183 3415 1215 3474 et
1233 3416 1308 3483 sunt
1324 3435 1393 3475 ora-
1420 3410 1425 3418 ’

251 3516 355 3577 tiones
377 3515 458 3578 istae
480 3515 663 3597 frequentes
685 3513 720 3575 in
741 3514 884 3575 omnium
911 3512 1069 3575 manibus
1115 3513 1317 3577 Hadrianum
1339 3537 1392 3576 au-

251 3618 317 3678 tem
332 3637 402 3699 ego,
426 3616 509 3700 quod
531 3616 615 3678 bona
637 3614 732 3678 berria
754 3615 885 3696 pietatis
903 3618 976 3677 tuae
992 3614 1112 3677 dictum
1128 3615 1180 3696 sit,
1204 3619 1240 3678 ut
1255 3615 1393 3678 Martem

252 3716 438 3799 Gradiuom,
468 3720 504 3780 ut
531 3716 640 3780 Ditem
662 3716 807 3797 Patrem,
836 3716 1010 3798 propitium
1038 3719 1070 3779 et
1097 3716 1261 3798 placatum
1288 3718 1392 3801 magis

241 3817 346 3899 uolui,
370 3840 466 3901 quam
489 3818 603 3881 amavi.
646 3816 793 3892 Quare7‘?
815 3818 890 3900 quia
913 3817 953 3879 ad
968 3818 1140 3879 amandum
1155 3817 1271 3881 fiducia
1287 3819 1393 3902 aliqua

336 3985 499 4054 lsequitur
525 3987 632 4040 Graeca
661 3985 791 4054 epistola,
827 4001 898 4052 quae
925 3985 1102 4038 continuatur
1127 3985 1256 4039 Vaticani
1284 3986 1392 4041 Codicis

250 4088 277 4137 p.
293 4074 340 4123 166
359 4072 387 4123 et
406 4076 462 4124 165.
486 4070 590 4124 Iterum
607 4069 710 4137 legitur
727 4070 797 4123 haec
815 4069 933 4137 epistola
950 4068 978 4121 in
996 4069 1124 4123 Ambros.
1145 4070 1325 4138 Cod.p.157:
1344 4070 1391 4123 illo

250 4153 311 4206 loeo
331 4153 460 4208 exhibere
480 4171 541 4208 eam
559 4154 644 4207 malui
662 4171 724 4206 eum
743 4153 842 4207 ceteris
861 4154 987 4222 epistolis
1006 4153 1128 4208 Graccis.
1413 4214 1418 4223 .

335 4238 420 4291 effic
438 4239 494 4292 fere
512 4238 647 4307 incepisse
670 4238 785 4292 coniicio
812 4239 931 4292 alterum
947 4238 1062 4305 librum,
1084 4239 1134 4293 sed
1155 4238 1258 4293 indicia
1279 4256 1393 4308 prorsus

251 4322 327 4375 certa
345 4322 451 4376 desunt.

335 4405 468 4475 3Incipit
486 4406 551 4460 Cod.
565 4405 629 4459 Vat.
648 4425 675 4475 p.
689 4411 743 4460 160.
781 4406 909 4475 Spatium
926 4423 1043 4460 vacuum
1060 4407 1140 4460 unius
1152 4425 1255 4473 versus,
1274 4409 1392 4462 fortasse
1466 4474 1468 4476 .

251 4490 480 4565 obscribendum
498 4490 633 4558 epistolae
651 4490 771 4543 titulmn.

334 4575 411 4627 alta
430 4574 529 4628 Codex.

335 4658 510 4712 olor-tasse:
529 4670 641 4711 erectam
660 4664 742 4711 tarde.
775 4661 892 4711 Orelliac.
1153 4720 1158 4728 .

336 4749 351 4795 6
370 4741 487 4796 Orethus
510 4743 627 4796 mavult:
651 4748 756 4810 primam
779 4748 895 4811 quoniam
913 4762 958 4810 eqo
977 4764 1001 4795 a.
1020 4757 1043 4796 ο.
1087 4742 1237 4811 Hauptius:
1262 4765 1392 4813 aamquam

252 4847 325 4895 quam
341 4833 454 4895 primum.

336 4918 350 4964 7
369 4912 413 4965 Ita
430 4928 527 4967 revera
544 4913 573 4965 in
589 4914 669 4967 textu
686 4911 797 4981 legitur,
816 4929 986 4981 quamquam
1003 4914 1090 4981 nogat
1107 4913 1204 4967 Maius.
