3300 6050
258 855 300 920 40
469 853 505 908 Μ.
521 850 691 908 CORNELII
709 848 916 907 FRCNTONIS
934 848 1190 910 EPISTULARUM
1228 804 1236 812 ι

477 1109 546 1193 (Μ.
570 1113 842 1196 CORNELII
864 1114 1184 1196 FRONTONIS

207 1278 215 1287 ’
284 1282 620 1357 EPISTULARUM
645 1283 711 1357 no
737 1285 785 1358 n.
811 1275 1063 1391 consanum
1088 1285 1149 1357 nr
1176 1284 1376 1357 mucan
1458 1246 1460 1248 ’

673 1400 861 1516 niara
897 1395 1006 1538 ΠΙ)

594 1671 626 1736 Ι.
661 1671 805 1737 Caesari
828 1668 899 1738 Suo
921 1672 1069 1739 Fronto.

348 1859 354 1871 .
382 1859 388 1872 .
415 1858 421 1871 .
448 1806 607 1890 .·(orati0,
630 1807 694 1870 nisi
716 1808 923 1892 gravitate)l¹
947 1809 1116 1872 verborum
1136 1807 1335 1890 honestatur,
1365 1809 1403 1872 fit

260 1911 356 1994 plane
379 1910 538 1993 inpudens
561 1911 656 1992 atque
677 1909 840 1992 inpudica.
885 1909 1032 1994 Denique
1054 1910 1138 1974 idem
1159 1911 1225 1994 tu²‚
1250 1932 1346 1994 quom
1367 1910 1403 1973 in

261 2016 376 2075 senatu
407 2011 458 2075 vel
485 2011 520 2073 in
555 2011 704 2074 contione
736 2011 847 2095 populi
875 2012 1043 2075 dicendum
1071 2012 1149 2095 fuit,
1183 2011 1273 2075 nullo
1305 2012 1402 2075 verbo

261 2113 429 2177 remotiore
452 2135 527 2176 usus
549 2134 598 2194 eS‚
625 2111 714 2176 nulla
736 2113 841 2196 figura
862 2113 996 2177 obscura
1019 2116 1075 2177 aut
1096 2114 1263 2178 insolenti:
1290 2117 1327 2177 ut
1349 2114 1403 2198 qui

214 2211 223 2237 “
262 2215 343 2279 scias
370 2213 584 2298 eloquentiam
613 2212 757 2278 Caesaris
784 2214 881 2278 tubae
909 2215 1045 2278 similem
1073 2237 1140 2278 esse
1173 2215 1303 2297 debere,
1337 2236 1404 2279 non

262 2317 424 2399 tibiarum,
448 2316 483 2378 in
506 2316 620 2399 quibus
641 2317 748 2379 minus
771 2318 820 2379 est
842 2317 930 2400 soni,
954 2316 1026 2399 plus
1049 2316 1276 2379 difficultatise.

378 2553 431 2618 ΙΙ.
469 2550 642 2619 Aurelius
666 2553 794 2619 Caesar
817 2553 993 2619 Frontoni
1017 2551 1089 2620 Suo
1112 2506 1288 2620 Salutem

348 2688 449 2772 Saepe
471 2691 503 2752 te
525 2688 604 2757 mihi
626 2689 743 2752 dixisse
766 2690 843 2770 scic,
867 2711 1019 2772 quaerere
1041 2693 1074 2753 te
1097 2690 1172 2773 quid
1194 2689 1332 2752 maxime
1357 2690 1404 2752 fa·

264 2813 351 2856 ceres
378 2794 508 2876 gratnm
540 2789 636 2853 mihi:
670 2790 703 2853 id
735 2793 861 2873 tempus
891 2813 978 2854 nunc
1005 2791 1111 2873 adest3
1144 2813 1231 2855 nunc
1265 2812 1405 2854 amorem

265 2915 342 2978 erga
364 2896 396 2956 te
418 2914 524 2956 meum
547 2913 665 2976 augere
687 2894 789 2975 potes
815 2891 842 2954 si
865 2893 975 2976 augeri
997 2896 1114 2976 potest.
1157 2892 1406 2976 Adpropinquat

219 3035 221 3039 -
265 2994 418 3080 cognitio,
441 2993 475 3057 in
497 3016 560 3078 qua
582 2993 727 3058 homines
749 3014 816 3057 non
838 2993 931 3057 modo
953 2995 1131 3059 orationem
1153 2997 1242 3059 tuam
1264 2994 1405 3079 benigne

265 3096 414 3178 audituri,
453 3096 507 3159 sed
544 3096 803 3180 indignationem
839 3096 981 3180 maligne
1013 3098 1207 3180 spectaturi³
1244 3097 1404 3160 videntur.

265 3198 377 3283 Neque
398 3198 499 3260 ullum
520 3198 622 3280 video,
656 3198 710 3282 qui
737 3201 770 3261 te
797 3199 833 3261 in
855 3201 916 3261 hac
944 3220 1128 3262 remouere
1151 3199 1301 3262 audeat⁴:
1330 3221 1406 3261 nam
1507 3224 1509 3229 ·

267 3301 321 3386 qui
348 3300 455 3363 minus
490 3299 584 3362 amici
618 3302 710 3382 sunt,
745 3299 871 3362 malunt
898 3302 930 3363 te
958 3300 1160 3383 inspectare⁵
1192 3300 1412 3384 incestantius·

266 3404 433 3486 agentem3
460 3402 514 3485 qui
538 3402 644 3464 autern
666 3400 770 3485 magis
793 3402 888 3464 amici
911 3405 997 3483 sunt,
1025 3404 1174 3465 metuunt
1196 3423 1237 3465 ne
1260 3402 1406 3464 adversa-

264 3503 312 3567 rio
334 3506 390 3565 tuo
413 3502 598 3565 amiciores6
626 3523 694 3565 esse
721 3502 902 3584 videantur,
931 3503 958 3565 si
984 3506 1017 3566 te
1044 3503 1085 3566 ab
1108 3503 1311 3566 accusatione
1340 3502 1406 3565 eius

265 3603 395 3688 propria
416 3606 472 3665 tna
501 3603 679 3667 abducant:
712 3606 783 3666 tum
811 3605 918 3666 autem
946 3604 972 3666 si
1001 3604 1085 3687 quod
1112 3606 1148 3667 tn
1179 3605 1214 3668 in
1247 3626 1318 3667 eam
1340 3626 1407 3668 rem

266 3706 387 3770 dictum
409 3704 589 3788 elegantius
611 3705 783 3767 meditatus
814 3726 858 3786 es,
886 3726 944 3787 per
966 3704 1130 3769 silentium
1152 3706 1325 3769 dictionem
1354 3728 1407 3767 au-

265 3808 350 3871 ferre
365 3805 424 3869 tibi
439 3827 506 3869 non
522 3804 692 3869 sustinent.
716 3805 806 3869 Adeo
822 3806 888 3869 sive
907 3806 934 3890 1⁷
949 3808 985 3868 tu
1000 3828 1051 3869 me
1062 3806 1268 3870 temerarium
1284 3806 1407 3870 consul-

350 4026 368 4062 a
385 4013 419 4062 Ia
436 4014 563 4076 maraine:
589 4008 756 4075 Eloquentia
779 4007 904 4061 Caesaris
932 4008 1018 4062 tubae
1044 4009 1129 4063 debet
1152 4008 1247 4062 similis
1271 4026 1329 4063 esse
1352 4024 1408 4061 non

266 4093 360 4160 tibiae,
379 4092 428 4145 ubi
445 4093 535 4145 minus
553 4092 613 4145 soni
629 4093 692 4160 plns
711 4093 881 4146 difficultatis
899 4094 948 4147 est.
986 4100 989 4104 ’

353 4313 485 4381 IIncipit
511 4311 662 4376 Quaternio
694 4313 828 4382 septimus
858 4312 924 4367 Cod.
943 4314 1006 4368 Vat.
1031 4332 1057 4383 p.
1078 4319 1134 4367 126.
1188 4313 1297 4368 Omissa
1318 4314 1408 4367 Maius

269 4398 416 4467 supplevit.

353 4483 530 4537 sedasse.
554 4500 590 4534 m.
612 4494 646 4535 ta.

352 4575 368 4622 3
386 4566 452 4621 Cod.
471 4586 512 4636 pr.
533 4585 569 4619 m.
588 4573 710 4635 spectari.

353 4658 368 4704 4
387 4651 453 4705 Cod.
472 4670 513 4720 pr.
533 4669 570 4703 m.
589 4656 709 4705 audeant.

353 4742 369 4789 5
386 4736 499 4790 Rectius
518 4738 635 4790 fortasse
653 4746 780 4803 spectare.

354 4826 369 4872 6
388 4819 454 4874 Cod.
473 4840 515 4889 pr.
535 4839 570 4874 m.
592 4825 703 4875 amicior.

354 4911 368 4958 7
387 4904 488 4974 Incipit
506 4904 571 4959 Cod.
590 4904 654 4957 Vat.
673 4921 700 4972 p.
716 4910 772 4959 125.
