3300 6050
625 855 826 909 EPISTULAE
845 853 1038 908 GRAECAo
1344 853 1407 916 243

264 1027 431 1109 ἀφεῖνται1
453 1028 595 1106 τρέχειν,
619 1027 683 1103 έγὼ
707 1028 742 1090 δέ
759 1030 878 1091 τοῦτον
898 1026 958 1104 ἤδη
982 1029 1065 1103 μῆνα
1085 1023 1238 1102 δεύτερον
1264 1022 1408 1102 εἴργομαι

263 1135 322 1195 τού
345 1131 427 1210 πρός
450 1129 528 1208 ὑμᾶς
551 1130 682 1208 δρόμου.
1236 1182 1238 1186 ⁴

347 1233 459 1311 Ἐχρῆν
488 1232 520 1294 δ’
543 1230 606 1310 ἄρα
628 1231 729 1297 πάςας
757 1231 814 1294 τὰς
843 1230 1046 1308 πανταχόθεν
1068 1232 1220 1305 γυναῖκας
1249 1228 1301 1292 ἐπὶ
1328 1227 1404 1291 ταύ-

263 1355 320 1413 την
353 1336 411 1412 τὴν
443 1334 564 1412 ἡμέραν
591 1333 789 1412 ἀθροίζεςθαι
828 1333 878 1396 καὶ
906 1331 1070 1409 ἑορτάζειν
1102 1331 1142 1394 τὰ
1182 1332 1219 1394 ςὰ
1247 1332 1426 1406 γενέθλια,Ι

264 1438 394 1515 πρώτας
427 1438 484 1514 μὲν
517 1441 584 1499 τῶν
617 1441 779 1510 γυναικῶν
807 1434 864 1497 τὰς
893 1433 1091 1512 φιλάνδρους
1119 1432 1169 1495 καὶ
1197 1434 1409 1511 φιλοτέκνους

265 1538 314 1601 καὶ
338 1538 521 1616 ςώφρονας,
550 1537 700 1616 δευτέρας
728 1538 763 1600 δέ
786 1534 857 1598 όςαι
880 1534 1035 1599 ἄπλαςτοι
1063 1536 1114 1598 καὶ
1142 1534 1293 1612 ἀψευδεῖς
1322 1534 1408 1611 εἰςίν,

265 1640 370 1718 τρίτας
393 1641 428 1702 δὲ
451 1630 613 1717 έορτάῖειν
636 1641 692 1702 τὰς
715 1638 923 1715 εὐγνώμονας
951 1637 1002 1699 καὶ
1024 1635 1233 1715 εύπροςίτους
1255 1634 1344 1718 καὶλῖ
1358 1635 1408 1698 εύ-

264 1741 488 1820 προςηγόρους
510 1741 558 1804 καὶ
581 1740 734 1820 ἀτάφους.
777 1740 904 1804 Πολλοὶ
926 1739 958 1803 δ’
986 1739 1026 1802 ἂν
1053 1738 1103 1801 καὶ
1132 1737 1225 1801 ἄλλαι
1247 1741 1409 1812 γυναικῶν

265 1842 366 1908 τάξεις
387 1843 537 1917 γένοιντο
565 1846 632 1906 τῶν
657 1842 703 1906 ςοὶ
725 1841 842 1920 μέρους
863 1841 950 1904 τινὸς
973 1839 1108 1904 ἐπαίνου
1124 1841 1174 1902 καὶ
1190 1838 1303 1918 ἀρετῆς
1322 1860 1410 1916 μετε-

264 1948 393 2023 χουςιῖιν
404 1944 427 2022 ³,
446 1947 503 2007 ςοῦ
521 1946 577 2021 μὲν
595 1943 717 2006 ἁπάςας
735 1944 790 2006 τάς
807 1942 932 2032 γυναικὶ
946 1941 1130 2020 πρεπούςας
1148 1941 1263 2019 ἀρετάς
1279 1942 1328 2005 καὶ
1344 1942 1410 2004 ἐπι-

267 2047 380 2124 ςτήμας
392 2047 580 2123 κεκτημένη(
592 2046 642 2108 καὶ
654 2045 873 2123 ἐπιςταμένης,
887 2043 993 2121 ὥςπερ
1005 2044 1147 2121 ῆἈθηνά
1158 2044 1272 2121 τέχνας
1284 2044 1410 2107 ἀπάτας

265 2149 408 2224 κέκτηταί
422 2169 456 2212 τε
472 2148 522 2211 καὶ
537 2147 706 2227 ἐπίςταται,
725 2152 792 2209 τῶν
809 2146 918 2210 ἄλλων
936 2146 971 2209 δὲ
992 2148 1153 2220 γυναικῶν
1170 2143 1205 2208 έν
1221 2165 1250 2208 τι
1266 2149 1321 2223 τῆς
1337 2145 1409 2224 ἀρε-

265 2253 321 2327 τῆς
336 2251 432 2329 μέρος
449 2250 578 2326 ἑκάςτης
595 2249 800 2326 έπιςταμένης
816 2249 866 2311 καὶ
879 2248 959 2311 κατὰ
971 2249 1069 2310 τοῦτο
1082 2246 1323 2325 ἐπαινουμένης,
1340 2246 1409 2310 οἶος

267 2351 367 2414 ὁτῶν
389 2352 530 2415 Μουςῶν
546 2351 678 2414 ἔπαινος
702 2350 735 2412 έκ
752 2353 821 2428 μιάς
837 2350 949 2429 τέχνης
966 2350 1038 2412 καθ’
1054 2349 1185 2427 ἑκάςτην
1209 2348 1408 2432 διῃρημένος.

351 2453 383 2516 Εἰ
411 2454 443 2516 δ’
470 2452 509 2530 ῆν
539 2452 603 2527 ἐγὼ
633 2453 697 2531 πρὸ
725 2450 853 2533 θύραςέ,
888 2451 1078 2527 εἰςαγωγεύς
1105 2471 1150 2514 τις
1185 2449 1267 2514 εἶναι
1300 2452 1409 2529 λαχὼν

265 2559 330 2619 τῶν
354 2559 409 2633 τῆς
426 2555 539 2633 ἑορτῆς
555 2554 663 2634 ἀξίων,
686 2555 816 2632 πρώτας
833 2554 873 2618 ἂν
888 2555 1015 2637 Ὁμήρῳ
1032 2552 1222 2631 πειθόμενος
1241 2553 1410 2615 ἀπέκλειςα

266 2658 323 2720 τάς
350 2659 408 2736 τῆν
437 2656 567 2720 εύνοιαν
591 2657 792 2735 ψευδομένας
822 2658 871 2720 καὶ
898 2656 1118 2735 πλαττομένας
1146 2656 1195 2717 καὶ
1219 2654 1329 2733 ἕτερον
1352 2655 1409 2730 μέν

265 2781 293 2822 τι
316 2759 489 2822 κευθούςας
513 2759 559 2823 ένὶ
582 2758 705 2838 φρεςίν,
729 2757 809 2822 ἄλλο
832 2760 868 2822 δὲ
890 2758 1054 2834 λεγούςας,
1077 2756 1205 2821 ἅπαντα
1227 2759 1262 2819 δὲ
1284 2756 1323 2819 τὰ
1344 2755 1410 2819 ἀπὸ

265 2861 410 2936 γέλωτος
431 2861 521 2939 μέχρι
542 2862 690 2941 δακρύων
713 2861 999 2940 προςποιουμένας.
1037 2860 1078 2923 ‘¹0
1106 2881 1157 2923 τοι
1178 2859 1282 2934 γέλως
1305 2857 1411 2921 ούτως

265 2962 303 3026 τὸ
338 2963 411 3042 πρὶν
446 2962 566 3026 ἄδολος
595 2962 678 3026 εἶναι
716 2963 870 3043 πεφυκὼς
904 2962 948 3026 ὡς
982 2962 1032 3023 καὶ
1065 2963 1141 3025 τούς
1176 2960 1314 3023 ὀδόντας
1343 2964 1410 3026 τῶν

266 3064 440 3138 γελώντων
463 3064 680 3144 ἐπιδεικνύειν,
710 3063 753 3127 εἰς
782 3068 937 3127 τοςοῦτον
965 3063 1024 3140 ἤδη
1047 3064 1250 3142 περιέςτηκεν
1273 3084 1410 3140 κακομη-

267 3164 379 3243 χανίας
402 3164 451 3226 καὶ
474 3164 617 3245 ἐνέδρας,
642 3164 686 3227 ὡς
709 3165 820 3227 καὶτὰ
843 3164 951 3242 χείλη5
974 3164 1123 3242 κρύπτειν
1145 3168 1212 3227 τῶν
1236 3165 1268 3228 ἐξ
1285 3165 1411 3243 έπιβου-

268 3269 323 3343 λῆς
356 3265 625 3344 προςγελιύντων.
673 3266 836 3329 Γυναικεία
864 3267 902 3343 δή
930 3285 975 3330 τις
1009 3264 1086 3344 αὕτη
1115 3266 1189 3329 θεὸς
1222 3267 1310 3344 παρὰ
1342 3269 1410 3329 ταῖς

267 3368 424 3432 πλείςταις
438 3372 505 3433 τῶν
519 3355 680 3443 γυναικῶν
697 3368 933 3447 θρηςκεύεταιὴ
951 3367 1083 3445 Ἀπάτη·
1098 3367 1278 3443 ἥτιςθγοῦν
1295 3367 1412 3447 Ἀφρο-

268 3470 354 3548 δίτης
376 3470 492 3549 τόκίος)
517 3470 551 3532 ἐκ
573 3471 707 3534 πολλῶν
730 3491 834 3534 τινων·
852 3472 902 3533 καὶ
914 3469 1069 3535 ποικίλων
1084 3472 1220 3547 θηλειῶν
1243 3489 1412 3533 καταςκευ-

268 3571 445 3651 αςαμένης7
471 3620 877 3634 ..............

703 3672 760 3736 ΙΙΙ.
800 3674 980 3757 (Ἡρώδῃ.)

352 3809 358 3821 .
384 3808 390 3820 .
416 3810 421 3821 .
445 3758 470 3821 ‚⁵⁴
492 3779 588 3837 τερον
610 3779 647 3834 γε
677 3758 721 3821 ὡς
743 3780 761 3835 η
787 3807 794 3820 .
818 3807 824 3821 .
848 3759 944 3836 ἡμᾶς·
967 3760 1005 3822 τὸ
1028 3759 1063 3822 δὲ
1085 3758 1259 3837 μετριάζειν
1282 3759 1317 3822 ἐν
1345 3760 1411 3822 τοῖς

268 3860 394 3939 ἥττοςιν
417 3862 524 3923 κακοῖς
553 3858 593 3924 ού
617 3860 782 3925 δύςκολον.
828 3861 878 3923 Ἐν
905 3860 999 3924 παντὶ
1021 3862 1078 3938 μὲν
1100 3860 1161 3939 γὰρ
1185 3861 1223 3923 τὸ
1245 3862 1324 3923 κατὰ
1346 3881 1412 3925 παν

269 3950 495 4030 ’Π-Ᾰ--Ι-λῙάλιῖιιι
520 3978 667 4045 ἀφίενται..

353 4069 369 4114 2
387 4061 487 4130 incipit
506 4061 571 4115 cod.
591 4062 719 4115 Ambroo
737 4081 764 4131 p.
786 4068 842 4117 148.

353 4153 368 4199 3
388 4145 454 4199 dod.
474 4147 607 4212 μετέχων.
643 4147 708 4200 Mox
730 4146 871 4201 Iacobsius
894 4146 1052 4230 eipendovit
1075 4149 1105 4199 έν
1123 4165 1150 4199 τι
1168 4152 1219 4214 τῆς
1238 4150 1341 4215 ἀρετῆς
1359 4164 1411 4217 pro

271 4229 380 4282 Codicis
397 4229 516 4283 lectione
532 4231 589 4284 ἐπί.

357 4320 374 4365 4
390 4313 492 4367 Maius:
515 4316 621 4382 θύραις.
657 4315 823 4369 Ειιιοιιάεινὶύ
841 4317 987 4370 lacobsius¹

356 4399 433 4451 olto
449 4397 546 4452 Maius.
583 4399 674 4452 Hodie
693 4403 811 4469 apparet
828 4400 857 4453 in
876 4400 988 4455 Codice:
1007 4398 1161 4456 xoxxPH.

355 4482 455 4536 oood.
474 4501 525 4537 τις,

353 4573 367 4620 7
388 4566 452 4620 Cod.
472 4571 590 4621 θελειων
608 4570 892 4637 καταςκευαςαμένης.
909 4569 985 4622 Haec
1002 4568 1101 4621 ultima
1117 4568 1204 4621 verba
1221 4586 1302 4622 sensu
1315 4586 1409 4623 vacua.

268 4652 410 4706 Iacobsius
428 4651 538 4705 scribit:
564 4657 615 4719 τῆς
633 4684 666 4691 -
684 4656 699 4705 δ
716 4655 802 4706 τόκος
820 4683 854 4690 -
872 4653 979 4719 θηρίων
998 4654 1282 4718 καταςκευαςάμενος.
1317 4653 1412 4722 Sequi-

268 4738 314 4789 tur
333 4736 399 4790 Cod.
418 4738 539 4791 Ambros
556 4756 583 4806 p.
604 4742 663 4804 147,
682 4754 752 4806 quae
770 4736 828 4805 logi
844 4736 949 4806 nequii.

352 4829 368 4876 8
385 4822 446 4875 Ηοο
462 4822 652 4890 fragmentum
669 4821 712 4876 bis
730 4822 834 4890 legitur
850 4821 880 4873 in
899 4822 999 4876 Codice
1019 4822 1212 4889 Ambrosiano,
1235 4823 1321 4877 semel
1338 4823 1411 4877 vide·

268 4905 333 4959 licei
351 4908 379 4960 ού
390 4908 497 4976 plenius
516 4910 581 4961 ante
600 4907 746 4976 epistolam
758 4906 794 4959 ad
806 4908 842 4962 M.
857 4906 1016 4961 Caesarem:
1035 4929 1100 4978 quae
1117 4917 1168 4962 sint
1185 4928 1261 4962 aures
1279 4914 1411 4975 hominum,
1431 4957 1437 4972 ,

1147 4995 1210 5059 16*
