3300 6050
440 875 489 930 AD
507 876 543 930 M.
559 875 750 931 CAESAREM
767 876 813 930 ET
832 875 984 930 INVICEM
1001 876 1109 930 LIBER
1125 877 1173 930 ΠΙ.
1338 878 1380 943 55

238 1047 314 1130 pisti
342 1048 448 1132 legere
471 1051 601 1112 ornatas
627 1051 659 1112 et
679 1047 898 1131 pompaticas¹
922 1048 1097 1112 orationes:
1127 1048 1194 1111 noli
1217 1048 1379 1132 postulare

238 1151 348 1213 statim
371 1172 424 1213 eas
446 1151 566 1213 imitari
588 1172 691 1234 posse.
723 1149 854 1232 Verum,
879 1153 915 1213 ut
937 1150 1012 1233 dixi,
1036 1151 1269 1233 incumbamus,
1294 1152 1379 1214 coni-

238 1255 361 1315 tamur:
394 1274 444 1315 me
472 1253 561 1333 vade,
592 1275 643 1316 me
670 1253 797 1336 praede,
831 1274 882 1316 me
910 1274 1073 1335 sponsore,
1109 1252 1254 1316 celeriter
1286 1255 1318 1315 te
1343 1253 1379 1315 in

239 1354 403 1417 cacumine
422 1352 626 1437 ¹eloquentiae
649 1355 770 1418 sistam.
794 1354 849 1417 Dii
870 1354 1002 1436 facient,
1026 1353 1076 1416 dei
1097 1354 1261 1418 favebunt.
1285 1353 1376 1437 Vale,

237 1454 385 1537 Domine,
419 1458 469 1520 καὶ
496 1456 603 1523 ἔλπιζε
630 1458 680 1521 καὶ
702 1457 829 1536 εὐθύμει
856 1457 906 1520 καὶ
928 1457 1038 1540 χρόνῳ
1066 1457 1116 1519 καὶ
1143 1457 1286 1538 ἐμπειρίᾳ
1313 1458 1377 1521 πεί-

238 1563 305 1621 θου.
348 1555 486 1620 Matrem
507 1557 680 1621 Dominam
701 1559 815 1621 saluta.
855 1557 958 1634 Quom
979 1557 1150 1622 Persarum
1173 1557 1377 1642 disciplinam

236 1679 438 1742 memorares,
462 1660 544 1724 bene
567 1660 699 1724 battunt
721 1659 796 1724 ais2.

373 1827 493 1896 XVII.
525 1830 625 1896 Have
648 1830 697 1896 m
719 1829 855 1895 Fronto
878 1830 1009 1896 Merito
1032 1829 1235 1896 Carissimo.

320 1964 479 2050 Intellego
506 1967 602 2030 istam
627 1969 718 2030 tuam
746 1967 985 2050 argutissimum
1013 1965 1182 2048 strofam³,
1218 1989 1314 2050 quam
1340 1969 1377 2030 tu

236 2066 364 2148 quidem
385 2066 616 2152 benignissime
639 2068 826 2152 repperisti,
854 2071 891 2132 ut
919 2069 994 2152 quia
1016 2067 1176 2131 laudando
1205 2090 1256 2131 me
1282 2068 1378 2132 fidem

235 2172 367 2253 propter
389 2171 555 2254 egregium
577 2192 655 2254 erga
680 2192 730 2233 me
752 2191 892 2233 amorem
913 2173 1005 2233 tuum
1027 2191 1093 2233 non
1115 2168 1267 2252 habebas,
1295 2170 1376 2233 vitu·

235 2271 376 2363 peranda
404 2271 490 2335 laudi
513 2272 608 2336 fidem
631 2285 819 2355 quaereresa
836 2272 871 2356 li.
917 2271 978 2336 Sed
1001 2293 1019 2335 o
1042 2293 1093 2334 me
1115 2271 1255 2353 beatum,
1280 2272 1334 2354 qui
1357 2296 1376 2336 a

235 2370 345 2436 Marco
369 2371 515 2437 Cornelio
537 2395 618 2457 meo,
643 2377 768 2438 oratore
789 2375 939 2456 maximo,
963 2373 1091 2437 homine
1107 2374 1238 2456 optimo,
1263 2376 1295 2437 et
1309 2373 1376 2438 lau-

236 2473 304 2537 dari
327 2477 360 2537 et
381 2475 592 2559 repraehendi
615 2476 731 2559 dignus
755 2498 822 2540 esse
844 2476 968 2540 videor!
992 2475 1075 2550 Quid
1090 2496 1150 2559 ego
1173 2476 1211 2539 de
1238 2476 1302 2539 tuis
1324 2475 1375 2539 lit-

234 2575 312 2638 teris
335 2575 439 2640 dicam
461 2577 712 2662 benignissimis,
743 2577 928 2661 verissimis,
953 2575 1176 2641 amicissimis?
1201 2577 1375 2640 verissimis

234 2679 344 2741 tamen
360 2700 459 2761 usque
476 2679 515 2741 ad
530 2680 668 2762 primam
680 2682 806 2763 partem
820 2679 921 2743 libelli
940 2680 1003 2762 rui,
1021 2702 1098 2743 nam
1115 2682 1230 2761 cetera,
1254 2679 1309 2742 ubi
1324 2702 1375 2742 me

235 2779 437 2863 comprobas,
474 2783 512 2843 ut
540 2782 585 2844 ait
617 2781 725 2845 nescio
758 2782 829 2865 quis
857 2804 1008 2866 graecus,
1037 2785 1114 2865 puto
1141 2780 1342 2865 Thucydides
1352 2783 1373 2864 ⁵,

233 2884 412 2963 τυφλοῦται
433 2884 495 2962 γὰρ
521 2884 559 2947 τὸ
587 2886 707 2964 φιλοῦν
736 2886 807 2963 περὶ
834 2886 873 2949 τὸ
896 2885 1105 2964 φιλούμενον.
1141 2883 1224 2948 Item
1246 2887 1282 2947 tu
1304 2905 1375 2966 par-

233 2983 293 3047 tim
314 3005 457 3049 meorum
478 3007 577 3069 prope
601 3007 694 3050 caeco
718 3008 823 3051 amore
845 2987 1096 3070 interpraetatus
1119 3008 1162 3051 es.
1208 2985 1269 3051 Sed
1290 2986 1374 3050 tanti

234 3089 293 3168 est,
316 3108 366 3150 me
388 3108 455 3150 non
477 3091 564 3152 recte
586 3088 735 3171 scribere,
760 3092 792 3152 et
813 3093 846 3152 te
868 3090 957 3153 nullo
979 3110 1050 3152 meo
1072 3089 1196 3172 merito,
1226 3089 1281 3151 sed
1308 3088 1375 3152 solo

233 3191 289 3252 tuo
312 3211 389 3273 erga
411 3212 462 3253 me
486 3212 591 3253 amore
613 3190 759 3273 laudare,
786 3191 824 3254 de
848 3212 909 3273 quo
931 3192 968 3253 tu
989 3191 1127 3274 plurima
1149 3194 1182 3253 et
1204 3189 1374 3273 elegantis-

233 3290 314 3353 sima
336 3291 376 3353 ad
397 3313 448 3354 me
463 3291 606 3374 proxime
630 3292 795 3375 scripsisti.
840 3291 922 3375 Ego,
952 3292 979 3355 si
1001 3296 1037 3354 tu
1059 3292 1206 3373 volueris
1235 3313 1288 3355 ero
1318 3291 1373 3353 ali-

234 3392 318 3475 quid.
364 3391 513 3457 Oeterum
542 3394 669 3458 litterae
695 3397 770 3457 tuae
797 3394 830 3457 id
856 3394 1045 3476 effecerunt,
1075 3397 1127 3475 ut,
1157 3415 1252 3476 quam
1279 3392 1372 3456 vehe-

232 3496 357 3557 menter
378 3482 585 3580 meamares,
611 3496 793 3560 sentireml.
840 3494 902 3559 Sed
928 3496 1013 3579 quod
1041 3496 1079 3559 ad
1109 3495 1242 3574 ἀθυμίαν
1268 3516 1373 3557 meam
1427 3566 1429 3571 ¹

233 3596 365 3679 attinet,
388 3597 491 3660 nihilo
513 3598 619 3661 minus
642 3598 746 3662 adhuc
769 3598 894 3663 animus
916 3597 1024 3660 meus⁷
1051 3599 1147 3679 pavet
1174 3599 1207 3659 et
1233 3596 1372 3659 tristicu·

232 3696 281 3761 lus
304 3700 369 3781 est,
403 3721 444 3764 ne
473 3700 549 3782 quid
576 3700 670 3764 hodie
697 3700 732 3763 in
756 3703 870 3764 senatu
893 3699 1042 3782 dixerim,
1072 3701 1204 3782 propter
1230 3698 1314 3781 quod
1340 3700 1372 3761 te

120 3941 125 3947 .
285 3878 293 3898 ’
317 3918 334 3955 a
355 3905 389 3955 In
415 3909 539 3970 margine:
575 3903 727 3959 Laudando
754 3920 797 3971 me
820 3903 903 3958 fidem
927 3904 992 3973 [non
1009 3902 1159 3971 habe]bas,
1187 3901 1371 3971 vituperando

231 3986 315 4041 fidem
334 4029 444 4042 ......
465 3986 548 4042 sisti..
691 3992 693 3996 ’

247 4188 248 4191 ’
317 4176 423 4244 lLege
441 4174 632 4230 testimonium
649 4175 794 4230 Claudiani
808 4175 940 4229 Mamerti
959 4176 987 4245 [t.
1001 4175 1039 4229 Vl
1056 4194 1083 4245 p.
1098 4181 1147 4231 535
1165 4174 1316 4244 ed.Paris.]
1337 4175 1372 4229 de
1461 4233 1464 4237 .

229 4261 388 4330 pompatico
408 4276 510 4328 genere
528 4262 722 4316 frontonianae
741 4260 925 4327 eloquentiae.
963 4265 1058 4317 Μαὶιιι.

314 4352 329 4398 2
348 4344 419 4408 Quid
438 4345 481 4398 est
498 4345 568 4398 hcc?
603 4346 646 4398 An
664 4350 733 4407 dene,
753 4357 779 4398 ut
797 4352 875 4407 circat,
894 4350 1005 4398 haitais?

314 4436 330 4483 3
348 4429 522 4483 Vocabulum
539 4429 690 4498 repetitum
706 4431 735 4482 in
753 4430 880 4498 margine
898 4436 929 4482 ut
946 4427 1080 4482 notabile.

268 4543 270 4548 ·
314 4520 330 4566 4
347 4513 448 4583 Incipit
466 4512 532 4567 Ood.
551 4513 615 4567 Vat.
634 4531 661 4583 p.
677 4519 733 4567 154.

314 4603 329 4651 5
346 4597 434 4652 Immo
458 4615 524 4652 vero
545 4596 626 4651 Plato
648 4598 735 4665 Legg.
752 4598 786 4663 V,
799 4603 847 4652 731
865 4597 896 4649 Ε.
940 4596 1030 4650 Maius
1053 4596 1150 4649 laudat
1171 4595 1370 4663 Hieronymum

230 4698 327 4735 comm.
354 4681 384 4735 in
406 4682 451 4736 Os.
475 4682 583 4751 prolog.
606 4682 653 4735 lib.
668 4682 720 4746 III,
747 4679 795 4748 qui
820 4680 895 4735 idem
918 4680 1022 4733 dictum
1045 4679 1239 4749 Theophrasto
1261 4678 1369 4735 tribuit.

229 4766 325 4820 Plures
341 4766 478 4821 indicabit
494 4765 588 4822 Aetius
607 4766 643 4819 ad
660 4765 805 4819 laudatum
822 4764 947 4818 Platonis
965 4764 1064 4818 locum.

314 4856 329 4903 6
349 4850 414 4905 cod.
434 4869 476 4919 pr.
495 4869 530 4903 m.
550 4857 666 4904 sentires

315 4941 329 4988 7
347 4934 418 4990 Add.
438 4952 491 4989 sec.
511 4953 547 4989 m.
598 4936 601 4941 “
