3300 6050
219 915 222 919 ,
272 876 335 938 228
616 874 652 927 n.
673 873 842 927 coenem
861 873 1068 928 monronis

356 1043 479 1107 Vellem
509 1045 616 1106 autem
644 1047 772 1107 tantum
800 1044 879 1108 mihi
908 1046 1027 1128 vigoris
1056 1049 1112 1108 aut
1143 1046 1239 1108 studii
1272 1045 1413 1127 adesse¹,

272 1148 428 1229 quantum
457 1145 571 1227 adfuit,
602 1168 673 1209 cum
700 1146 757 1210 illa
785 1147 861 1210 olim
894 1148 1027 1231 nugalia
1061 1147 1253 1228 conscribsi,
1288 1147 1415 1210 laudem

272 1249 351 1312 fumi
374 1252 407 1313 et
428 1249 578 1332 pulveris.
624 1248 673 1311 Ne
696 1269 756 1332 ego
779 1247 889 1312 Somni
917 1248 1044 1311 laudem
1072 1271 1111 1312 ex
1139 1250 1271 1312 summis
1299 1250 1414 1332 opibus

272 1350 539 1434 conscripsissem.

355 1451 451 1516 Nunc
474 1473 612 1536 quoque,
638 1453 664 1515 si
687 1452 747 1515 tibi
769 1451 913 1514 fabulam
935 1452 1064 1516 brevem
1085 1452 1199 1516 libenti
1222 1456 1271 1515 est
1291 1454 1412 1534 audire,

188 1593 193 1604 ι
272 1555 354 1618 audi.

356 1657 482 1719 alovem
510 1659 634 1739 patrem
662 1655 788 1738 ferunt,
824 1678 897 1719 cum
930 1678 979 1719 res
1007 1656 1165 1720 humanas
1193 1679 1212 1718 a
1239 1657 1414 1741 primordio

272 1758 439 1839 conderet,
469 1779 581 1820 aevum
608 1757 659 1820 vi²
691 1757 832 1821 medium
858 1779 923 1820 uno
955 1758 1021 1820 ictu
1048 1780 1234 1840 percussum
1266 1760 1301 1822 in
1334 1759 1418 1822 duas

271 1860 372 1943 partis
395 1859 535 1942 undique
557 1861 644 1941 paris
666 1857 835 1921 diffidisse:
864 1861 990 1941 partem
1015 1858 1150 1922 alteram
1172 1858 1253 1941 luce,
1277 1860 1412 1923 alteram

270 1961 412 2024 tenebris
436 1960 591 2041 amisisse,
616 1960 700 2023 diem
722 1961 911 2042 noctemque
934 1959 1112 2043 appellasse
1134 1962 1284 2044 noctique
1299 1962 1411 2043 otium,

272 2063 333 2126 diei
357 2062 522 2146 negotium
544 2061 723 2125 tradidisse.
755 2061 838 2123 Tum
860 2083 990 2124 somnus
1012 2063 1149 2125 necdum
1171 2065 1267 2126 natus
1289 2067 1358 2125 erat
1380 2069 1415 2125 et

272 2186 382 2227 omnes
404 2163 576 2247 pervigiles
599 2165 736 2225 aetatem
759 2162 916 2246 agebant3
945 2163 1001 2226 sed
1027 2163 1117 2245 quies
1144 2168 1303 2227 nocturna
1331 2165 1413 2248 vigi-

270 2264 412 2329 lantibus
440 2286 497 2347 pro
520 2286 631 2327 somno
661 2265 765 2327 adhuc
794 2263 896 2349 l³erat
918 2265 1131 2348 promulgata.
1176 2264 1337 2328 Paulatim
1360 2267 1413 2328 de-

268 2367 355 2448 inde,
379 2369 415 2429 ut
437 2370 513 2429 sunt
534 2366 668 2450 ingenia
690 2365 856 2429 hominum
882 2367 1028 2449 inquieta
1050 2367 1101 2428 et⁴
1124 2367 1269 2450 agitandi
1293 2389 1330 2430 ac
1345 2371 1413 2430 tur-

269 2469 366 2532 bandi
390 2468 515 2550 cupida,
539 2472 650 2532 noctes
673 2467 802 2550 diesque
824 2467 964 2551 negotiis
985 2469 1188 2550 exercebant,
1211 2468 1323 2531 horam
1345 2470 1414 2531 otio

269 2569 391 2632 nullam
417 2569 627 2652 inpertibant.
672 2569 754 2631 Tum
783 2568 891 2631 Iovem
917 2569 1042 2651 fenmt,
1077 2569 1133 2632 ubi
1159 2569 1223 2632 iam
1245 2571 1351 2654 iurgia
1379 2575 1415 2633 et

269 2671 451 2734 vadimonia
484 2673 642 2733 nocturna
670 2669 740 2733 sisti
769 2673 801 2732 et
833 2673 944 2733 noctes
977 2691 1102 2752 quoque
1136 2671 1412 2753 comperendinari

269 2773 376 2836 videat
385 2773 406 2853 ⁵,
442 2793 514 2834 cum
537 2771 630 2834 corde
653 2793 709 2833 suo
732 2771 873 2854 agitasse
901 2771 939 2834 de
973 2772 1038 2834 suis
1065 2772 1228 2854 germanis
1255 2772 1413 2836 fratribus

270 2896 369 2937 unum
391 2873 575 2956 praeficere,
600 2873 654 2955 qui
676 2873 765 2936 nocti
787 2875 883 2955 atque
906 2873 971 2936 otio
993 2872 1159 2936 hominum
1183 2878 1319 2938 curaret.
1347 2874 1413 2938 Ne-

268 2978 405 3059 ptunum
438 2974 555 3038 multas
589 2976 621 3038 et
654 2995 768 3059 graves
803 2996 895 3039 curas
929 2976 1117 3039 maritumas
1152 2979 1333 3059 causatum,
1368 2999 1413 3040 ne

269 3077 383 3141 fluctus
417 3081 520 3141 terras
549 3079 633 3140 totas
663 3098 735 3140 cum
763 3077 926 3140 montibus
955 3078 1142 3159 obruerent,
1176 3099 1256 3141 neve
1283 3079 1413 3141 motusG

268 3181 355 3242 venti
393 3183 509 3242 cuncta
536 3179 683 3242 funditus
711 3178 938 3261 percellerent,
972 3178 1067 3242 silvas
1100 3182 1133 3242 et
1159 3182 1229 3243 sata
1256 3179 1412 3243 radicitus

268 3282 444 3345 haurirent.
490 3279 600 3343 Ditem
636 3302 760 3363 quoque
797 3282 923 3363 patrem
957 3284 1139 3362 causatum,
1177 3280 1280 3344 multa
1312 3303 1411 3364 opera

260 3383 429 3470 ¹multaque
453 3404 528 3446 cura
551 3382 671 3465 templa
693 3381 798 3444 infera
821 3403 918 3465 aegre
947 3382 1100 3464 coerceri,
1125 3382 1273 3445 amnibus
1300 3384 1332 3445 et
1354 3406 1411 3465 pa-

267 3484 413 3547 ludibus⁷
450 3488 482 3547 et
514 3484 639 3566 stagnis
667 3482 788 3566 Stygiis
816 3482 1040 3561 Acheruntem¹
1063 3504 1160 3567 aegre
1189 3485 1411 3567 commoeniri3

269 3608 381 3649 canem
404 3584 541 3668 denique
564 3584 726 3648 custodem
750 3585 934 3668 apposuisse
957 3584 1077 3647 umbris
1099 3584 1297 3667 territandiS,
1327 3607 1411 3668 quae

268 3687 421 3770 aufugere
445 3686 485 3747 ad
508 3707 638 3768 superos
662 3689 826 3767 cuperent,
851 3686 942 3768 eique
965 3686 1037 3748 cani
1059 3686 1163 3748 trinas
1179 3686 1319 3749 latrandi
1339 3686 1410 3749 fau-

268 3810 318 3851 ces
342 3809 379 3851 ac
400 3788 503 3851 trinos
526 3787 633 3849 hiatus
654 3786 840 3870 trinasque8
863 3787 1006 3849 dentium
1029 3787 1216 3850 formidines
1238 3786 1408 3850 addidisse.

352 4058 368 4094 a
386 4045 419 4093 In
437 4043 562 4106 margine:
585 4039 692 4094 Fabula
709 4038 743 4092 de
761 4038 873 4093 Somno.

352 4241 514 4297 lOrelh'us:
536 4248 646 4297 adesset.

350 4328 427 4381 aAn
444 4333 528 4380 vitae?
564 4332 739 4393 Heindorfies.
775 4325 893 4380 Orellius
916 4346 1001 4380 aevum
1019 4348 1106 4382 nouzon
1123 4333 1236 4381 medinm.

351 4411 484 4479 alncipit
510 4410 576 4465 cod.
599 4429 625 4478 p.
646 4416 703 4464 219.
741 4410 869 4464 Ceterum
886 4410 976 4464 Maius
1002 4412 1089 4466 babet
1112 4417 1209 4480 suerat,
1236 4413 1286 4466 sed
1312 4412 1407 4466 Codex

275 4496 349 4551 tlUC
368 4508 436 4563 erut,
454 4496 527 4549 unde
545 4494 638 4548 effinxi
656 4499 746 4553 adduc.

349 4580 444 4635 40m.
462 4578 560 4633 Maius.

350 4670 365 4717 5
383 4665 440 4718 Aut
457 4670 526 4717 uidet
542 4664 749 4719 rescribendum
767 4668 817 4718 aut
834 4671 940 4719 videret.
978 4671 1151 4733 Heindorfiue.

349 4754 365 4802 6
382 4749 426 4802 Ita
444 4747 537 4802 Codex
553 4749 664 4802 videtur
681 4748 793 4803 habere.
829 4748 931 4803 Maius:
948 4757 1015 4803 moti.

350 4838 364 4886 7
384 4832 488 4886 Codexz
506 4838 648 4900 plaudibus.

349 4921 365 4968 8
384 4914 488 4969 Codex:
506 4923 633 4987 trinaque.
