3300 6050
606 1725 1046 1808 PROLEGOMENA.

339 2026 429 2100 Quod
450 2029 594 2089 veterum
609 2027 799 2108 scriptorum
822 2027 997 2089 editoribus
1021 2029 1151 2091 concedi
1174 2029 1265 2113 solet,
1289 2033 1326 2093 ut
1349 2052 1399 2093 co·
1422 2017 1425 2020 ⁴
1463 2089 1473 2097 .

253 2129 342 2211 piosa
365 2128 535 2209 disserant,
559 2149 655 2210 quam
678 2128 809 2211 egregia
831 2129 939 2190 omnia
954 2128 1020 2190 sint
1036 2129 1071 2191 in
1093 2151 1199 2212 opere,
1224 2115 1308 2214 quod
1330 2153 1399 2194 sus-

255 2230 400 2311 ceperint
423 2228 657 2291 emendandum
679 2230 729 2291 vel
752 2229 942 2310 ornandum,
966 2229 1123 2312 equidem,
1147 2231 1222 2293 dum
1244 2253 1286 2294 ne
1307 2254 1399 2314 prae·

254 2334 303 2393 ter
325 2330 453 2393 modum
475 2330 509 2391 id
530 2329 597 2411 fiat,
622 2351 687 2392 non
709 2329 908 2412 reprehendo
923 2332 956 2392 et
979 2331 1098 2414 aliquid
1121 2330 1261 2394 dandum
1285 2353 1399 2396 censeo

252 2432 337 2494 iusto
358 2433 529 2514 parentum
552 2431 661 2511 amori,
686 2431 740 2513 qui
761 2431 934 2493 liberorum
956 2431 1091 2494 virtutes
1114 2433 1266 2496 extollere
1289 2437 1399 2497 ament
1444 2510 1449 2521 ἱ

253 2536 286 2596 61
317 2532 469 2595 naevulos
504 2535 559 2595 aut
574 2534 576 2537 ’
592 2518 852 2615 praetervideant
889 2535 945 2594 aut
978 2531 1190 2596 dissimulent.
1249 2534 1396 2599 Abutan-

252 2637 306 2696 tur
332 2633 410 2696 licet
445 2633 582 2696 artifieio
611 2634 763 2715 quodam3
798 2635 833 2694 at
866 2654 961 2695 causa
993 2632 1129 2696 honesta
1158 2638 1208 2698 est
1240 2639 1273 2699 61
1304 2637 1400 2700 venia

137 2719 141 2726 ⁵
180 2731 182 2734 ⁴
254 2735 359 2797 danda
372 2726 457 2814 erit,
482 2734 509 2796 si
530 2734 613 2796 forte
635 2733 830 2817 perfecerint
852 2737 888 2796 ut
909 2735 1014 2818 magis
1036 2735 1244 2800 innotescant
1265 2737 1399 2820 scripto-

252 2858 318 2918 res,
343 2835 463 2918 quibus*
478 2837 607 2916 patroni
630 2835 819 2898 obvenerint
842 2838 875 2898 et
897 2835 1062 2919 elegantes
1085 2839 1118 2899 et
1139 2837 1311 2921 ingeniosi.

336 2937 449 3019 Itaque
481 2936 618 2999 maxime
651 2936 765 2999 vellem
798 2935 878 2998 mihi
912 2938 1118 3021 contigisset,
1152 2939 1235 3021 quod
1268 2940 1397 3023 Angelo

253 3038 349 3121 Maio,
373 3042 409 3101 ut
431 3060 547 3101 novam
570 3038 742 3101 editionem
765 3039 923 3121 auspicari
944 3062 1070 3122 possem
1093 3040 1133 3103 ab
1148 3040 1274 3124 insigni
1293 3041 1397 3123 laude,

253 3162 348 3223 quam
369 3140 490 3202 Fronto
517 3139 603 3202 inter
624 3138 786 3202 Romanos
814 3142 956 3203 oratores
985 3141 1147 3203 meruerit.
1199 3140 1293 3224 Novi,
1323 3143 1398 3225 quid

200 3252 204 3260 '
253 3242 291 3304 de
325 3241 391 3304 eius
426 3240 606 3303 admirabili
640 3240 821 3322 eloquentia
850 3241 998 3324 aequales
1026 3242 1202 3305 iudicarint
1225 3245 1257 3305 et
1278 3244 1396 3325 posteri

252 3342 349 3405 nimis
370 3342 465 3406 facile
489 3341 697 3422 crediderint,
732 3341 803 3422 sed,
837 3342 957 3422 fateor,
991 3341 1164 3405 Frontonis
1192 3342 1341 3405 flosculos
1365 3346 1397 3406 et

253 3444 413 3527 imagines
436 3447 469 3506 et
489 3444 603 3506 inanes
625 3442 763 3505 tinnitus
790 3464 857 3505 non
880 3464 951 3505 amo
975 3445 1017 3524 et,
1041 3442 1069 3505 si
1091 3464 1202 3507 verum
1224 3444 1395 3507 dicendum
1470 3527 1473 3530 g

253 3548 312 3626 est,
338 3549 518 3608 contemno.
562 3543 741 3607 Profuisset
763 3542 902 3607 hominis
931 3542 1176 3626 existimationi,
1207 3546 1235 3608 si
1263 3566 1395 3628 operum

252 3646 404 3729 reliquiae
427 3645 621 3708 ecodicibus
643 3645 859 3728 palimpsestis
881 3667 1056 3728 numquam
1072 3649 1181 3709 erutae
1202 3646 1341 3710 fuissent
1363 3650 1396 3709 et

251 3746 308 3809 illa
330 3750 393 3829 est,
418 3750 454 3810 ut
476 3746 605 3829 opinor,
635 3768 701 3809 una
723 3747 866 3809 omnium
888 3746 1028 3809 virorum
1050 3746 1216 3809 doctorum
1238 3769 1315 3829 vox,
1339 3769 1397 3830 pro

251 3847 418 3930 thesauro,
454 3868 549 3931 quem
583 3868 676 3910 caeco
704 3847 802 3930 prolis
832 3868 938 3935 amore
965 3847 1071 3909 Maius
1099 3847 1135 3909 in
1163 3848 1235 3910 sinu
1262 3848 1395 3930 foveret,

153 3978 164 3987 ,
252 3971 356 4013 meros
390 3950 544 4013 carbones
578 3946 647 4011 esse
679 3949 838 4011 inventos.
883 3947 986 4021 Quam
1018 3970 1124 4011 rerum
1152 3949 1246 4031 inops
1276 3948 1397 4012 Fronto

253 4051 310 4133 sit,
335 4051 398 4113 nisi
421 4071 516 4133 opere
538 4050 697 4132 perlecto,
721 4072 815 4112 nemo
839 4049 955 4112 credet.
994 4048 1181 4113 Sententiae
1194 4055 1307 4133 ¹neque
1331 4071 1396 4113 cre-

157 4143 165 4156 ’
252 4151 330 4214 brae
353 4154 385 4214 et
406 4152 532 4234 futiles,
555 4150 711 4234 plurimae
734 4151 902 4233 imagines
927 4151 982 4213 sed
1000 4150 1141 4212 insulsae
1157 4152 1190 4212 et
1203 4150 1305 4213 nimia
1328 4155 1396 4214 arte

252 4252 431 4335 quaesitae,
463 4252 499 4314 in
526 4253 694 4315 verborum
720 4252 845 4315 delectu
867 4251 980 4334 putida
1002 4251 1171 4334 diligentia
1199 4253 1232 4313 61
1252 4254 1397 4314 veterum

252 4353 486 4435 Romanorum,
511 4354 663 4435 quiante
687 4353 873 4416 Ciceronem
894 4352 1086 4433 floruerunt,
1110 4351 1196 4414 haud
1218 4353 1296 4414 satis
1320 4355 1396 4434 apta

252 4454 401 4518 imitatio.
432 4453 522 4528 Quod
538 4454 663 4517 confert
686 4454 725 4515 ad
748 4454 951 4537 antiquitatis
973 4454 1133 4535 notitiam,
1156 4453 1259 4535 primo
1281 4452 1396 4515 obtutu

254 4558 339 4619 certe
361 4577 428 4618 non
449 4577 604 4639 magnum
625 4554 760 4617 videtur.
805 4554 942 4617 Dicendi
973 4575 1076 4636 genus
1103 4539 1395 4617 nemo‘admirabi-
1455 4554 1462 4567 ’

252 4660 315 4739 tur,
339 4677 433 4719 nemo
448 4658 607 4739 sequetur.
639 4654 746 4717 Verba
761 4653 906 4716 venditat
921 4656 953 4716 et
967 4675 1059 4716 voces
1075 4656 1108 4716 et
1122 4655 1287 4735 praeterea
1301 4652 1394 4717 nihil.

337 4756 401 4819 Hic
427 4758 496 4821 fore
519 4757 663 4839 suspicor
685 4756 740 4838 qui
761 4755 936 4836 mirentur,
972 4776 1028 4817 cur
1056 4754 1275 4818 constituerim
1297 4754 1396 4817 talem

252 4860 441 4941 scriptorem
474 4857 672 4940 potissimum
705 4855 812 4937 edere,
848 4856 903 4938 qui
930 4858 1042 4919 nostra
1070 4876 1146 4918 cura
1173 4858 1207 4918 et
1236 4854 1395 4917 industria
1449 4911 1452 4920 ,

1150 4956 1192 5017 a*
