3300 6050
347 880 396 934 An
414 878 543 934 varon
559 876 681 931 uffan.
700 874 890 930 nuaammr
909 837 1103 929 crusnam
1118 873 1227 926 ursan
1245 872 1278 924 n.
1331 873 1392 936 125

933 1051 1060 1110 Insidiis
1080 1069 1172 1128 saepe
1188 1057 1290 1107 autem
1306 1057 1336 1107 et

1287 1139 1308 1166 nr

935 1185 1196 1245 coniurationibus
1212 1205 1265 1245 ace
1284 1230 1289 1243 .
1309 1231 1315 1242 .

933 1272 1001 1330 aliis
1016 1271 1178 1348 imperium
1190 1269 1229 1328 ed
1247 1317 1252 1328 .
1272 1317 1278 1327 .
1297 1316 1303 1327 .
1323 1314 1328 1327 .
1347 1268 1385 1326 de

934 1357 1012 1414 lata.
1022 1402 1027 1414 .
1037 1400 1044 1413 .
1055 1375 1100 1413 .se
1118 1352 1385 1413 ..SSEDNERIS

936 1485 1042 1498 .....
1060 1435 1171 1498 OlLE
1206 1519 1211 1529 .

349 1559 639 1621 PARATUSNON

349 1646 602 1725 AQUILAEET
936 1654 942 1667 ·
963 1657 967 1667 ·
987 1656 1057 1753 gR

246 2067 270 2150 ll
297 2115 303 2128 .
331 2115 337 2128 .
364 2115 370 2127 .
398 2114 404 2127 .
428 2064 498 2128 Iam
514 2063 593 2129 Cato
608 2063 801 2145 Hispaniam
823 2061 1045 2144 recuperabat,
1068 2061 1133 2123 iam
1157 2058 1321 2133 Gracchus
1343 2060 1387 2122 lo-

246 2167 341 2230 cabat
371 2167 485 2229 Asiam
515 2170 547 2229 et
569 2163 805 2248 Karthaginem
827 2163 948 2226 viritim
975 2162 1156 2225 dividebat⁴
1180 2212 1386 2225 .......
1497 2181 1500 2187 ·

246 2269 290 2330 M.
314 2268 438 2331 'Pullius
467 2289 625 2330 summum
648 2285 913 2348 supraemumque
941 2285 976 2327 os
998 2259 1150 2327 romanae
1172 2263 1303 2345 linguae
1325 2262 1387 2324 fuit

247 2419 387 2432 .....
414 2371 438 2454 15
463 2418 471 2432 .
497 2419 503 2430 .
530 2418 536 2430 .
561 2368 672 2450 vellet,
697 2365 806 2431 Oicero
830 2368 937 2429 autem
958 2364 1165 2447 modulatius3
1194 2385 1250 2427 vos
1271 2364 1387 2426 utrius·

245 2471 327 2553 que6
350 2492 480 2553 operam
502 2472 667 2553 gestantes
689 2472 879 2532 mehercules
901 2475 931 2531 in
953 2468 1038 2530 viam
1060 2465 1199 2529 reditis⁷.

332 2655 349 2692 a
367 2643 401 2691 ln
413 2643 540 2706 marpine:
558 2636 701 2704 Plerisque
715 2637 800 2691 etiam
812 2635 933 2704 indignis
945 2640 1077 2705 paternus
1089 2635 1165 2688 locus
1177 2633 1325 2704 imperium
1337 2651 1388 2703 per

245 2740 342 2776 manus
361 2721 471 2776 detulit:
491 2722 559 2776 haut
577 2739 655 2776 secus
673 2739 757 2789 quam
774 2721 857 2791 pullis
875 2719 981 2787 avibus,
1000 2720 1099 2787 quibus
1112 2719 1205 2773 omnia
1221 2719 1331 2788 generis
1349 2720 1389 2771 in-

246 2806 347 2875 signia,
367 2806 451 2860 erista
469 2807 497 2860 et
514 2807 609 2875 pluma
628 2808 656 2861 et
675 2807 770 2860 cantus
789 2807 817 2859 et
834 2805 946 2874 vig'liee
964 2806 1076 2874 praesto
1095 2807 1166 2858 sunt.

329 2891 438 2959 Regum
459 2890 490 2943 bl
509 2934 513 2944 .
535 2934 540 2944 .
564 2934 569 2943 .
590 2933 595 2944 ,
625 2892 757 2956 (excidere
780 2892 889 2959 quotuor
914 2898 953 2944 vel
970 2895 1078 2958 quinque
1095 2891 1226 2956 vocabula)
1253 2887 1282 2941 in
1308 2890 1388 2942 utero

246 2975 343 3031 matris
363 2992 471 3029 summa
488 2974 545 3030 iarn
562 2976 687 3045 potestas
710 2974 851 3029 destinata
873 2976 926 3030 est:
957 2973 1113 3040 obstetricis
1134 2992 1219 3029 manu
1241 2973 1389 3043 imperium

161 3064 163 3066 ’
246 3061 445 3129 adipiscuntur.

330 3147 406 3199 Inter
427 3145 546 3211 Remum
569 3147 598 3198 et
620 3144 768 3197 Romulum
792 3143 907 3197 diversis
929 3144 1071 3197 montibus
1099 3155 1262 3212 augurantes
1280 3163 1339 3197 aves
1357 3150 1388 3196 de

247 3248 339 3285 rerum
358 3246 465 3283 summa
482 3228 677 3285 iudicaverunt.
703 3233 739 3281 El
756 3245 866 3296 regnum
884 3228 1026 3283 Persarum
1045 3270 1158 3282 .....
1178 3245 1261 3295 equm
1280 3270 1285 3281 .
1306 3271 1311 3281 .
1334 3270 1339 3280 .
1361 3270 1388 3281 ..

247 3316 302 3369 sois
315 3316 457 3384 seponet⁸)
472 3357 477 3367 .
492 3358 498 3368 .
512 3329 568 3366 non
588 3330 669 3367 eursu
688 3313 737 3367 sed
755 3333 875 3382 equorum
891 3312 985 3381 priore
1002 3312 1085 3366 innita
1098 3354 1333 3367 ..........
1352 3327 1392 3380 pe

249 3441 498 3455 ..........
516 3398 1015 3452 ni.a...n....umttu...

316 3490 423 3554 Legitur
439 3493 579 3552 praeterea
597 3488 623 3535 io
641 3488 689 3536 imo
707 3487 835 3551 nrarpine:

351 3608 651 3623 ............
670 3567 766 3621 ventia

350 3697 355 3706 .
376 3697 381 3707 .
404 3696 408 3706 .
427 3652 481 3707 ista
499 3647 637 3706 dimineen
656 3653 730 3705 sorte

349 3754 447 3792 aversa
465 3737 494 3790 in
513 3754 565 3791 arv
586 3781 590 3790 .
611 3781 615 3790 .
638 3781 642 3790 .
663 3753 714 3789 ran
829 3754 831 3758 ·

350 3840 418 3877 ser.
441 3866 445 3875 .
467 3866 472 3876 .

318 3994 347 4045 '1
371 3991 472 4060 incipit
490 3992 579 4046 altera
598 3991 733 4046 columna.
772 3991 901 4045 Ceterum
919 3993 954 4044 ut·
968 3990 1047 4057 alibi,
1068 3990 1107 4044 sie
1124 3990 1169 4044 hie
1187 4006 1297 4058 quoque
1316 3990 1390 4057 quod

249 4075 387 4144 supplevi,
406 4074 526 4145 expressi
543 4076 644 4129 litteris
661 4074 771 4143 italicis,
791 4092 862 4143 quae
881 4076 1016 4129 dicuntur.

333 4166 348 4211 2
368 4158 498 4226 Sequitur
517 4158 583 4214 Cod.
603 4162 699 4214 Ambr.
719 4178 746 4228 p.
766 4165 824 4227 419,
844 4176 914 4226 quae
932 4161 994 4213 tota
1011 4160 1125 4214 interiit.

334 4251 349 4297 3
368 4243 497 4310 Sequitur
515 4243 581 4298 Cod.
601 4246 697 4299 Ambr.
716 4263 743 4313 p.
761 4250 823 4311 418,
845 4243 874 4297 in
895 4261 950 4311 qua
966 4246 1076 4298 tantum
1095 4245 1166 4299 duae
1182 4246 1313 4315 prostant
1332 4261 1391 4298 sen-

248 4328 353 4381 tentiae
371 4327 400 4380 in
418 4328 552 4397 margine.

333 4419 350 4466 4
368 4413 401 4465 of.
415 4412 553 4466 Plutarch.
567 4413 743 4479 inoratam,
757 4412 877 4468 crucan
888 4413 917 4466 a
928 4413 1000 4467 aun
1011 4420 1049 4479 19,
1064 4413 1227 4483 eeaepur.
1239 4418 1279 4469 se.
1294 4420 1390 4471 Marus.
1480 4399 1482 4404 ’

334 4502 349 4549 5
367 4495 468 4565 Incipit
487 4494 552 4549 Cod.
571 4498 667 4550 Ambr.
687 4515 714 4566 p.
734 4504 792 4564 417,
811 4499 955 4567 perforata
973 4503 1001 4551 et
1018 4498 1158 4552 lacunosa.

334 4587 349 4634 6
368 4579 473 4635 Codex:
491 4578 657 4645 utriusq:
680 4598 830 4651 perperam
847 4581 948 4635 Maius:
973 4588 1108 4651 virtusque.

334 4671 348 4718 7
367 4665 456 4718 Aliter
473 4664 575 4731 Maius,
599 4664 647 4718 sed
664 4682 827 4734 perperam
849 4665 878 4717 in
897 4666 1104 4736 supplementis,
1123 4682 1194 4733 quae
1205 4664 1330 4721 'exhibeo
1348 4667 1392 4721 lit·

249 4747 316 4802 teris
333 4749 443 4815 italicis,
461 4750 569 4803 secutus
587 4767 647 4820 sum
665 4751 828 4805 lacunarum
841 4750 940 4819 spatia.
967 4749 1092 4819 Quinque
1108 4752 1268 4820 postremae
1279 4750 1392 4806 litterae

249 4833 323 4902 apud
334 4833 444 4897 ,Maium
463 4834 569 4888 desunt.

333 4923 349 4972 8
368 4918 492 4972 Conicio:
505 4918 541 4971 Et
552 4935 669 4987 regnum
682 4919 830 4973 Persarum
839 4940 902 4973 umas
911 4936 1010 4989 regum
1022 4925 1078 4975 olim
1088 4918 1203 4975 tenrrisse
1211 4919 1329 4974 habetur
1338 4923 1390 4976 eet.
