3300 6050
581 878 628 931 DE
646 876 763 932 FERIIS
782 875 1022 931 ALSIENSIBUS.
1308 877 1371 940 223

581 1203 668 1288 ΡΜ.
702 1203 1020 1286 FRONTONIS

506 1375 569 1446 DE
596 1373 749 1446 Fraus
776 1371 1094 1446 lustraremus,

625 1558 657 1624 Ι,
690 1558 863 1640 Magistro
885 1557 974 1623 lleo.

312 1695 423 1758 Ferias
439 1695 522 1778 apud
538 1694 665 1758 Alsium
680 1694 795 1778 quam²
811 1693 945 1757 feriatas
961 1693 1131 1777 egerimus,
1150 1713 1217 1756 non
1233 1692 1372 1755 scribam

228 1798 299 1880 tibi,
324 1819 365 1862 ne
387 1800 420 1861 et
440 1798 509 1880 ipse
532 1791 663 1880 angaris
687 1799 720 1860 et
733 1818 784 1885 me
800 1796 961 1878 obiurges,
983 1795 1028 1858 mi
1042 1795 1208 1879 magister.
1243 1794 1372 1857 Lorium

229 1903 336 1962 autem
351 1920 514 1982 regressus
529 1898 745 1962 Domnulam3
766 1919 872 1961 meam
896 1899 950 1960 ..⁴
972 1897 1212 2010 febricitantem
1234 1897 1370 1979 repperi.

193 2018 196 2023 ’
228 2000 371 2064 Medicus
394 2000 483 2083 dicit
513 2003 540 2063 si
564 2000 647 2063 cito⁵
669 2001 762 2064 nobis
784 2022 867 2063 me
894 2001 995 2062 ..tu
1018 2020 1194 2081 quoquevr
1287 2021 1372 2062 .-va

228 2101 360 2165 leae..
390 2103 503 2166 laetior
536 2103 607 2167 sim.
651 2101 683 2165 N
686 2099 762 2189 [am]
792 2101 893 2165 oculis
926 2121 1019 2182 spero
1051 2102 1084 2163 te
1116 2096 1200 2184 [cum
1221 2047 1372 2187 lau]dem

228 2204 402 2267 saniset.
462 2205 491 2267 .⁶
534 2202 615 2267 Vale
637 2203 682 2266 mi
704 2203 870 2287 magister.

435 2424 488 2490 ΙΙ.
519 2424 670 2537 Domino
692 2424 768 2490 lleo
790 2421 972 2489 Antonino
994 2420 1169 2505 Augusto.

313 2577 422 2641 l'erias
445 2577 610 2642 Alsienses
635 2625 642 2641 .
668 2627 675 2642 .
699 2577 772 2641 misi
797 2626 804 2640 .
831 2627 838 2640 .
861 2577 895 2640 ni
921 2628 928 2640 .
954 2626 961 2641 .
985 2576 1020 2638 in
1042 2574 1188 2640 nobellae
1203 2575 1279 2658 quid
1298 2597 1371 2639 can-

228 2681 316 2741 tetur
338 2679 444 2743 viniae
467 2682 564 2763 atque
588 2729 595 2744 .
622 2679 650 2743 ,⁷
672 2680 748 2763 quid
770 2680 945 2742 multarum
967 2678 1169 2741 rusticarum.
1214 2676 1369 2742 Catonem

229 2801 353 2864 quoque
375 2782 411 2844 in
432 2783 597 2847 oratione8
626 2781 775 2846 adversus
804 2780 959 2865 Lepidum
987 2780 1119 2843 verbum
1147 2780 1272 2843 cantari
1300 2780 1396 2858 soli*

228 2885 298 2945 tum
328 2904 590 2947 commemorasse
601 2934 609 2967 ,
647 2906 719 2948 oum
748 2884 813 2948 ait:
856 2886 981 2948 Statuas
1010 2889 1125 2962 positas
1154 2885 1255 2946 Ochae
1282 2893 1373 2961 atque

230 2988 438 3065 Dionysodoro
459 2991 654 3067 effeminatis,
679 2991 732 3065 qur·
754 2993 891 3065 munires
909 2986 1081 3061 facerentl.
1128 2983 1163 3047 ld
1185 2985 1220 3047 in
1244 3034 1251 3048 .
1278 3034 1284 3048 .
1309 3007 1373 3048 me-

230 3088 288 3148 ant
311 3135 318 3148 .
344 3136 351 3149 .
376 3087 477 3150 velint
498 3090 572 3170 post
599 3087 733 3150 redire.
759 3087 824 3149 .in
853 3108 921 3151 ea.
948 3135 955 3150 .
978 3086 1067 3149 facit.
1114 3085 1371 3170 Opportune..

229 3186 322 3249 brum
345 3236 352 3251 .
379 3237 385 3251 .
410 3188 471 3250 rim
500 3187 652 3251 cantandi
672 3187 866 3271 ludendique
888 3188 1017 3251 initium
1041 3187 1184 3269 capiunt.
1229 3186 1273 3250 Et
1296 3237 1303 3251 .
1329 3188 1374 3251 ‚¹⁰

228 3288 365 3370 paravit.

304 3492 447 3563 lIncipit
460 3492 526 3547 eod.
545 3498 644 3562 p.,218
663 3493 792 3548 obscura.
810 3493 855 3547 Du
867 3494 938 3547 Rreu
955 3508 1011 3546 non
1029 3508 1123 3546 omma
1135 3494 1200 3547 con
1188 3492 1311 3546 eunt.-
1326 3492 1372 3546 Al·

229 3577 326 3631 siensis
348 3577 430 3632 villae
456 3578 647 3634 celebritatem
670 3579 714 3633 vel
735 3595 768 3633 ex
790 3578 853 3648 ipso
876 3578 1008 3633 Cicerone
1035 3577 1225 3647 cognoscimus
1248 3577 1284 3631 ad
1304 3578 1369 3631 fam

227 3661 273 3715 IX.
292 3667 316 3729 6,
334 3662 371 3716 ad
388 3664 446 3716 Att.
464 3663 538 3716 XIII.
559 3669 599 3729 50,
617 3678 668 3731 pro
686 3663 741 3717 Mil.
762 3669 802 3717 20.
840 3668 934 3717 Maius.

314 3753 329 3800 2
346 3748 379 3800 ld
397 3748 441 3801 est
458 3769 531 3817 qraeaor
547 3768 645 3816 param.
683 3752 859 3803 Buttmannus.

313 3832 391 3885 3Ita
407 3832 506 3887 Maius.
541 3832 654 3887 Amicus
672 3833 838 3886 vocabulum
857 3832 1028 3903 distinguere
1045 3852 1101 3890 non
1120 3833 1218 3902 potuit.

313 3922 330 3969 4
348 3914 451 3986 Supple
469 3934 554 3970 unum
572 3917 695 3971 verbum.
732 3921 828 3972 Maius.

208 4032 213 4044 ι
313 4001 390 4055 elta
406 4001 504 4055 Maius.
535 4000 646 4055 Amicus
664 4000 822 4070 descripsit:
846 4007 964 4058 Medicas
982 4044 1121 4061 ......
1139 4009 1198 4058 icite
1216 4007 1294 4057 nobis.

314 4091 329 4138 6
347 4086 378 4137 In
395 4085 438 4139 his
455 4086 560 4140 lacunis
578 4085 683 4140 cubant
701 4103 795 4141 versus
813 4089 884 4142 octo.
920 4093 1016 4147 Marus.

314 4176 328 4223 'l
345 4169 395 4223 His
413 4170 518 4225 lacunis
537 4172 707 4240 occupantur
724 4188 820 4226 versus
839 4172 994 4227 duodecim.
1026 4178 1121 4229 Maius.

312 4258 328 4307 8
347 4253 423 4319 Quae
441 4273 578 4323 nusquam
596 4255 662 4310 alibi
680 4259 860 4312 memoratur.
895 4258 1045 4313 Iordanum
1064 4262 1098 4314 cl.
1117 4279 1144 4329 p.
1165 4267 1206 4319 61.

313 4345 328 4391 9
345 4338 387 4392 De
405 4339 515 4408 magira
532 4342 561 4395 et
578 4340 694 4395 macello
712 4340 775 4409 lege
793 4341 973 4397 Plutarchum
992 4361 1017 4411 q.
1037 4361 1106 4398 rom.
1127 4344 1170 4398 ed.
1188 4345 1280 4398 Reisk.
1300 4347 1367 4399 torn.

227 4421 278 4475 VII
295 4441 322 4492 p.
345 4430 400 4479 122.
437 4423 554 4478 Videtur
580 4427 673 4479 autem
697 4425 726 4478 in
748 4426 801 4479 hac
819 4427 952 4481 adversus
970 4429 1106 4499 Lepidum
1124 4429 1249 4483 oratione
1268 4429 1367 4483 dixisse

141 4568 154 4576 ‚
227 4506 297 4561 Cato
314 4507 344 4561 id
362 4509 436 4574 quod
454 4510 498 4563 ter
516 4511 612 4564 narrat
630 4510 806 4579 Plutarchus,
835 4530 935 4583 nempe
956 4513 1040 4567 malle
1063 4530 1092 4567 se
1114 4514 1143 4566 in
1165 4514 1249 4581 vulgo
1273 4514 1370 4580 quaeri

227 4609 275 4645 cur
292 4593 368 4648 nulla
385 4611 434 4648 sua
453 4595 547 4648 statua
565 4596 650 4662 esset,
674 4612 757 4662 quam
781 4614 830 4651 cur
848 4599 930 4652 esset.
966 4602 1060 4651 Maius.
1097 4598 1174 4651 Idem
1193 4598 1290 4651 scribit
1310 4604 1371 4653 Dio·

227 4683 364 4745 nysidorm
391 4677 454 4732 vide
478 4679 512 4732 de
535 4695 568 4733 ea
590 4679 680 4734 forma
707 4680 834 4738 Corssen.
870 4682 1115 4751 Aussprachel
1137 4701 1165 4751 p.
1184 4688 1234 4736 296
1257 4684 1286 4737 et
1311 4684 1369 4737 Rit-

227 4762 360 4815 sohelium
377 4763 405 4816 in
423 4762 492 4819 Mus.
511 4764 599 4818 Rhen.
618 4764 669 4817 XII
688 4784 715 4835 p.
736 4771 797 4831 1053
815 4782 913 4820 verum
930 4767 1034 4821 amicus
1051 4766 1080 4823 in
1099 4766 1199 4822 Codice
1218 4767 1299 4822 vidit:
1323 4774 1367 4825 l).

228 4853 404 4915 ..prodero

296 4938 327 4987 10
344 4932 445 4988 Latent
462 4934 491 4987 in
508 4934 550 4988 his
567 4934 673 4990 lacunis
691 4952 787 4991 versus
805 4936 942 4992 undecim.
978 4940 1073 4992 Maius.
