3300 6050
360 813 608 918 FRONTON.'AD
627 863 662 916 M.
685 863 906 917 ANTONINUM
922 863 970 916 DE
990 861 1230 927 Enoonann‘ln.
1307 865 1366 928 139

441 1339 510 1422 (M.
540 1338 810 1422 CORNELII
839 1339 1151 1421 FRONTONIS

339 1494 404 1566 AD
431 1495 479 1566 M.
506 1493 575 1566 AN
578 1491 797 1565 TONINUM
822 1492 885 1564 DE
912 1491 1256 1584 innocuorum.)

465 1676 502 1768 ‚L
548 1675 743 1762 (Antonino
765 1673 929 1758 Angusto
951 1675 1115 1759 Fronto.)

228 1863 400 1876 ......
428 1812 451 1877 32
476 1862 482 1874 .
509 1862 515 1875 .
542 1863 548 1876 .
576 1863 581 1876 .
609 1864 614 1875 .
647 1811 778 1875 castella
805 1811 988 1889 verborum,
1018 1811 1231 1875 conciliabula
1258 1812 1367 1875 verbo-

226 1938 297 1979 rum
318 1915 397 1997 loce,
422 1909 567 1998 gradm,⁴
581 1914 739 1997 pondera,
764 1916 902 1997 aetates,
927 1913 1365 1997 dignitatesquedinoscere:

226 2039 266 2080 ne
293 2017 328 2079 in
357 2015 501 2079 oratione
529 2018 749 2099 praepostere,
784 2019 820 2078 ut
849 2015 883 2078 in
910 2014 1087 2078 temulento
1115 2037 1153 2078 ac
1180 2016 1367 2097 perturbato

228 2117 381 2200 convivio,
407 2117 647 2181 conlocentur³:
671 2139 752 2201 quae
767 2117 850 2180 ratio
873 2117 915 2180 sit
937 2117 1034 2180 verba
1057 2116 1243 2200 geminandi
1266 2121 1298 2179 et
1319 2116 1367 2180 in-

226 2219 351 2283 terdum
365 2219 611 2303 trigeminandi,
635 2240 877 2302 nonnumquam
898 2219 1140 2302 quadriplicia4‚
1165 2240 1259 2300 saepe
1275 2218 1366 2300 quin-

227 2322 315 2404 quies
338 2323 392 2384 ant
416 2342 452 2384 eo
475 2321 611 2404 amplius
633 2320 794 2403 superlata
815 2321 971 2403 ponendi:
1008 2342 1049 2384 ne
1076 2321 1197 2383 frustra
1219 2341 1299 2382 nevo
1322 2323 1367 2382 te-

226 2443 311 2485 mere
334 2421 502 2485 verborum
532 2425 634 2486 strues
664 2424 888 2504 conventura,
919 2423 974 2486 sed
1001 2424 1039 2485 nt
1067 2425 1154 2485 certo
1181 2443 1219 2484 ac
1247 2420 1367 2484 sollerti

226 2523 364 2587 termino
385 2522 549 2587 uniantur.

310 2625 389 2689 Post
409 2627 473 2689 ista
487 2627 594 2690 omnia
609 2626 815 2710 investigata,
840 2626 1051 2707 examinata⁵‚
1076 2624 1238 2707 distincta,
1262 2623 1366 2706 finita,

228 2728 371 2812 cognita:
394 2729 562 2792 verborum
583 2729 734 2811 omnium,
759 2730 795 2791 ut
815 2729 862 2790 ita
883 2727 1027 2810 dixerim,
1052 2727 1112 2790 (166
1133 2726 1261 2810 populo,
1285 2727 1369 2790 sicut

312 2967 328 3002 a
346 2954 380 3002 ln
397 2955 522 3018 marytre:
551 2948 592 3003 Ne
610 2931 716 3002 temere
733 2966 769 3002 ne
787 2949 892 3002 fmstra
914 2949 1063 3002 verborum
1085 2948 1173 3002 strues
1192 2948 1367 3002 acerbentur.

313 3144 326 3189 1
346 3137 504 3205 Sequuntur
522 3136 629 3204 aliquot
646 3136 720 3202 folia,
739 3152 857 3202 quorum
875 3136 959 3190 series
976 3151 1031 3188 non
1050 3136 1132 3189 certis
1149 3135 1322 3204 argumentis
1340 3138 1369 3189 ct

226 3221 334 3275 indiciis
346 3223 441 3290 potest
453 3220 569 3274 restitui.
594 3220 682 3273 Maius
695 3220 724 3273 in
743 3220 864 3273 editione
881 3220 1059 3289 negligenter
1076 3236 1135 3274 rem
1153 3219 1368 3287 administravit,
1404 3231 1408 3236 “

227 3308 274 3375 qui
296 3305 363 3360 folia
384 3305 526 3359 interdum
546 3303 588 3357 ita
610 3304 777 3373 disposuerit
798 3305 830 3358 ut
852 3320 936 3357 unum
958 3304 1055 3357 folium
1076 3303 1150 3357 inter
1172 3302 1241 3357 duos
1259 3306 1368 3370 quater·
1399 3363 1401 3366 ,

226 3391 322 3444 nioncs
340 3390 559 3443 distribueretur.
597 3388 676 3452 Quod
699 3388 776 3455 dedi,
802 3388 921 3457 explicui
943 3388 972 3441 in
994 3388 1215 3457 Prolegomenis;
1246 3389 1367 3442 concedo

226 3493 282 3529 non
304 3474 398 3528 omnia
419 3473 448 3526 in
471 3490 504 3527 ea
528 3472 707 3543 dispositione
726 3490 786 3527 esse
806 3472 970 3538 certissima,
994 3472 1043 3527 sed
1064 3475 1159 3527 tamen
1182 3472 1251 3526 mihi
1271 3474 1368 3527 videor

227 3548 370 3627 aliquanto
388 3557 502 3627 propius
522 3558 556 3611 ad
569 3557 717 3611 veritatem
730 3556 1035 3627 accessisselitulnm
1049 3558 1096 3625 qui
1114 3556 1142 3610 in
1161 3557 1262 3611 Codice
1280 3558 1367 3624 deest,

227 3642 312 3696 snmsi
335 3660 351 3696 a
373 3642 460 3708 Maio,
483 3642 530 3710 qni
552 3642 734 3695 Niebuhrinm
755 3640 785 3693 in
808 3658 842 3695 ea
863 3658 893 3695 re
917 3641 1095 3708 sequebatur.
1132 3641 1195 3695 Non
1218 3637 1369 3695 admodum

227 3727 294 3781 utile
313 3729 341 3781 et
358 3728 529 3780 fructuosum
548 3743 607 3780 esse
625 3725 690 3779 duxi
709 3724 801 3779 omnia
818 3725 931 3779 Maiana
949 3724 1118 3792 describere,
1143 3727 1192 3780 sed
1210 3725 1233 3780 si
1251 3726 1311 3793 quis
1328 3726 1368 3779 in-

227 3811 325 3879 spiciet
346 3829 372 3879 p.
393 3816 443 3864 226
466 3812 495 3865 et
517 3817 566 3864 238
589 3809 639 3864 nd.
663 3811 742 3864 Rom.
767 3809 874 3864 videbit
896 3809 987 3879 ipsum
1009 3810 1099 3862 virum
1121 3810 1368 3864 eminentissimum

208 3894 393 3965 intellexisse
423 3894 568 3948 turbatum
593 3895 723 3947 foliorum
751 3893 877 3947 ordinem
900 3911 918 3947 a
942 3911 971 3947 se
1002 3910 1058 3947 non
1086 3894 1245 3949 restitutum
1270 3895 1366 3961 fuisse3

227 3996 281 4046 quo
294 3980 384 4047 magis
395 3978 477 4034 venia
496 3979 589 4033 danda
607 3980 672 4045 erit,
682 3979 714 4032 si
731 3978 760 4032 in
779 3979 945 4046 quibusdam
963 3979 1088 4033 obscuris
1101 3980 1130 4032 et
1141 3978 1239 4033 laceris
1256 3979 1367 4049 paginis

226 4064 298 4117 ratio
316 4080 361 4117 me
383 4063 524 4117 interdum
541 4064 644 4132 fugisse
666 4063 814 4117 videbitur.
849 4063 938 4128 Lucro
961 4066 1057 4117 tamen
1080 4065 1184 4133 deputo
1207 4065 1283 4131 quod
1304 4080 1368 4118 mox

226 4148 255 4201 in
272 4149 396 4203 tractatu
413 4148 448 4201 de
466 4147 639 4202 orationibus
662 4149 753 4202 eluto
772 4164 953 4217 emergemns.

311 4238 326 4285 2
344 4232 444 4300 Incipit
462 4232 529 4285 (lod.
546 4251 573 4301 p.
593 4239 651 4287 404.

311 4323 326 4370 3
343 4316 420 4370 Haec
437 4317 576 4370 sententia
593 4316 691 4370 itidem
708 4316 811 4385 legitur
829 4318 857 4369 in
869 4316 1004 4386 margine.
1030 4316 1156 4385 Quinque
1170 4317 1261 4387 prima
1273 4317 1367 4382 verba,

228 4418 299 4468 quac
321 4418 403 4454 sensu
420 4417 508 4454 vacua
526 4401 635 4454 suntet
653 4403 727 4455 artes
745 4403 856 4455 nostras
875 4401 1001 4466 eludunt,
1026 4401 1144 4455 assumsi
1162 4417 1177 4454 c
1195 4401 1321 4470 margine
1338 4400 1366 4453 in

227 4502 281 4553 quo
300 4484 390 4538 solum
406 4485 544 4552 leguntur.
580 4485 665 4538 Errat
681 4485 770 4539 Maius
789 4484 837 4553 qui
854 4486 923 4539 hacc
940 4486 1027 4539 verba
1044 4485 1072 4537 in
1085 4486 1139 4539 fine
1152 4502 1209 4551 seq.
1227 4502 1293 4554 pag.
1313 4485 1366 4538 col-

226 4569 336 4635 locavit,
355 4570 633 4635 quamquamfnteor
650 4586 713 4622 mea
730 4568 799 4621 nihil
816 4568 959 4636 interesse,
978 4587 1063 4637 qunm
1081 4569 1126 4636 „in
1137 4569 1290 4623 temulento
1303 4585 1366 4622 con-

227 4653 317 4706 vivio“
336 4654 422 4706 verba
438 4653 620 4722 praepostere
639 4653 816 4707 collocentur.

310 4737 388 4790 rita
407 4735 507 4791 Codex.
530 4774 533 4778 -

311 4821 389 4874 5116
407 4819 506 4876 Codex.
542 4819 643 4874 Maius:
661 4827 795 4887 peminata.

311 4910 326 4957 6
344 4904 407 4958 Non
425 4907 544 4974 apparet
560 4904 589 4958 in
606 4906 696 4972 textu,
714 4905 763 4959 sed
780 4906 835 4961 vid.
854 4923 942 4975 marg.
