3300 6050
276 872 335 935 158
483 870 519 922 Μ.
535 867 703 921 CORNELII
721 867 928 921 FRONTONIS
946 867 1201 922 EPISTULARUM

360 1037 538 1125 [Appel]lat
559 1059 684 1122 quoque
705 1039 862 1122 quintam.
901 1039 1018 1116 Stante
1038 1059 1133 1117 pares
1155 1045 1288 1116 aquilas:

359 1140 455 1204 Sexta
477 1140 556 1203 haec
578 1140 726 1203 Herculis
749 1163 913 1205 aerumna.
961 1145 997 1204 Et
1017 1147 1082 1220 pitu
1104 1147 1250 1204 minantia
1270 1147 1357 1220 pilis:

359 1242 515 1324 Septima:
540 1243 577 1305 de
600 1242 710 1305 Aiacis
733 1246 823 1306 scuto
847 1243 977 1306 corium.

200 1332 202 1336 ὗ
249 1369 250 1372 ’
358 1344 503 1426 Annaea,
527 1343 598 1426 quis
620 1343 694 1406 finis
717 1343 801 1406 erit?

357 1446 425 1507 Aut
453 1446 480 1507 si
507 1444 613 1508 nullus
642 1445 715 1508 finis
743 1467 804 1508 nec
825 1445 937 1508 modus
966 1447 1140 1509 servandus
1167 1449 1231 1528 est,
1262 1468 1321 1528 qur
1348 1467 1414 1508 non

274 1547 363 1609 addis
385 1557 414 1610 et
435 1553 544 1610 similes
566 1547 675 1610 lituos?
718 1546 827 1609 Addas
849 1547 926 1610 licet
947 1560 976 1609 et
991 1553 1129 1611 carmina
1152 1559 1223 1610 nota
1244 1548 1412 1618 tubarum?

274 1647 336 1712 Sed
357 1651 390 1711 et
411 1647 526 1711 loricas
553 1651 586 1711 et
608 1668 703 1710 conos
726 1650 759 1709 et
786 1669 878 1710 enses
908 1651 941 1710 et
962 1648 1085 1711 balteos
1109 1652 1142 1711 et
1162 1670 1290 1712 omnem
1313 1670 1414 1711 armo-

272 1771 344 1812 rum
366 1748 596 1831 supellectilem
618 1770 748 1832 sequere
756 1749 778 1812 3.

358 1849 547 1933 Apollonius
570 1853 692 1932 autem;
719 1871 785 1913 non
813 1851 900 1935 enim
922 1849 1054 1914 Homeri
1076 1850 1334 1933 prohoemiorum
1355 1872 1414 1932 par

274 1951 445 2015 artificium
467 1955 529 2034 est3
553 1951 743 2034 Apollonius
765 1951 908 2034 inquam,
932 1953 987 2035 qui
1009 1953 1216 2036 Argonautas
1239 1952 1412 2035 scripsitt⁴‚

274 2054 413 2137 quinque
441 2075 475 2116 re
499 2103 506 2116 .
531 2103 537 2116 .
564 2103 570 2116 .
596 2054 625 2116 .⁵
652 2056 804 2135 quattuor
831 2053 974 2117 versibus
1002 2056 1130 2117 narrat:
1170 2054 1247 2127 κλέα
1279 2057 1414 2132 φωτῶν,

275 2157 359 2219 viros
381 2156 435 2239 qui
457 2155 682 2238 navigassent:
707 2155 739 2219 οἳ
760 2154 903 2219 Πόντοιο
927 2157 1006 2220 κατὰ
1029 2155 1136 2237 (adua,
1160 2154 1222 2217 iter
1241 2175 1303 2236 quo
1325 2155 1413 2216 navi·
1485 2224 1491 2243 ¹

273 2259 418 2341 gassent:
457 2259 604 2337 βαειλῆο(
627 2256 812 2340 ἐφημοεύνῃ
834 2257 974 2333 Πελίαο,
998 2257 1087 2319 cuius
1109 2255 1243 2338 imperio
1265 2255 1413 2338 navigas-

274 2363 361 2422 sent:
386 2357 539 2433 ἐΰζυγονὓ
561 2358 682 2435 tiaran
705 2359 822 2438 Ἀργώ,
851 2379 967 2421 navem
997 2380 1060 2441 qua
1086 2356 1172 2420 vecti
1194 2358 1310 2420 essent.
1354 2355 1414 2418 Isti

274 2464 380 2523 autem
402 2461 470 2522 tam
496 2461 637 2522 oratores
667 2480 763 2542 quam
790 2461 904 2542 poetae
933 2458 1116 2547 consimile⁷
1144 2457 1270 2521 faciunt
1298 2457 1413 2540 atquoS

275 2560 449 2624 citharoedi
471 2560 585 2642 solent,
608 2563 706 2623 unam
729 2561 869 2644 aliquam
884 2560 1025 2624 vocalem
1040 2560 1181 2623 litteram
1204 2560 1242 2623 dc
1258 2557 1412 2622 Henone⁹
1495 2560 1497 2564 ’

273 2662 324 2728 vel
346 2662 384 2725 de
407 2662 538 2724 Addone
560 2660 668 2724 multis
691 2665 723 2724 et
744 2662 842 2725 variis
864 2662 1050 2725 accentibus
1081 2662 1246 2744 [cant]are.

358 2762 441 2836 Quid
464 2783 523 2845 ego
545 2763 713 2825 verborum
735 2763 842 2826 sordes
865 2766 897 2826 et
918 2762 1067 2826 illuvies?
1089 2762 1164 2845 quid
1186 2761 1285 2825 verba
1306 2761 1413 2823 modu-

272 2865 337 2928 late
361 2863 515 2927 collocata
538 2867 570 2927 et
592 2863 774 2928 effeminate
796 2863 985 2927 fluentiam?
1009 2913 1016 2926 .
1043 2914 1050 2927 .
1097 2863 1159 2950 [Ibi
1172 2863 1291 2948 igitur]
1318 2912 1325 2924 .
1350 2912 1357 2924 .
1382 2865 1414 2924 et

274 2968 457 3031 aversantes
474 3015 480 3028 .
496 3014 503 3028 .
520 2987 598 3029 nare
618 2965 678 3029 hoe
697 2965 912 3050 elegantiae¹¹
926 2986 1038 3049 genus.
1075 2969 1124 3029 Uti
1138 2964 1240 3049 clipeo
1255 2968 1288 3027 te
1304 2959 1413 3027 Achil-

273 3068 313 3131 lis
339 3068 373 3131 in
402 3067 599 3130 orationibus
633 3070 774 3150 oportet,
812 3089 879 3131 non
912 3066 1092 3149 parmulam
1121 3067 1275 3130 ventilare
1310 3087 1413 3147 neque

273 3169 409 3233 hastulis
437 3167 603 3232 histrionis
629 3167 738 3232 ludere
746 3182 768 3231 ³.
813 3170 926 3251 Aquae
957 3168 995 3230 de
1023 3167 1201 3251 sipunculis
1225 3166 1413 3230 concinnius

361 3356 378 3392 a
396 3342 430 3392 In
447 3344 573 3407 marqine:
593 3336 687 3407 Clipea
706 3368 739 3376 —
756 3336 860 3390 ludere.

359 3475 434 3528 1Ita
452 3473 558 3527 Codex:
589 3476 674 3542 Siquis
690 3493 778 3542 parer.
813 3462 988 3526 Heindorfius
1011 3470 1139 3538 requirit:
1170 3475 1319 3524 Accumulat
1339 3491 1414 3540 quur-

274 3573 315 3616 tae
333 3565 450 3629 quintam.
488 3556 617 3611 Orellius:
641 3563 780 3611 accumulat
797 3578 895 3627 quoque
913 3563 1032 3626 quintam.

357 3650 373 3697 2
391 3644 451 3696 Iam
467 3640 635 3694 Niebuhrius
653 3641 726 3694 hunc
743 3657 854 3693 versum
872 3657 933 3694 csse
951 3640 1028 3693 vidit.

359 3728 464 3782 31m0:
483 3745 620 3794 exequere.
657 3730 817 3780 Ntehultm'ur.

358 3810 493 3879 tlncipit
511 3809 576 3864 eod.
599 3828 626 3878 p.
646 3816 704 3864 343.
765 3853 777 3885 ί
1289 3866 1292 3872 ,

359 3895 496 3963 5Supple
518 3911 603 3947 unum
624 3910 734 3948 versum
756 3911 818 3947 cum
840 3893 963 3947 dimidio.
999 3892 1097 3961 Neque
1118 3894 1206 3961 igitur
1228 3892 1330 3946 sufficit
1353 3909 1414 3945 cunr

274 3980 427 4035 Niebuhrio
446 3978 579 4032 scribere:
597 3999 640 4033 rea
658 3984 782 4033 diuersus.
1266 3998 1270 4004 ·

359 4063 468 4118 ssHaec
486 4065 529 4116 est
545 4062 628 4117 lectio
645 4062 720 4116 Maii.
757 4062 801 4115 Du
817 4063 889 4117 Rieu
906 4063 988 4118 vidit:
1012 4069 1175 4132 antiquorem
1193 4103 1411 4116 .........

275 4193 280 4203 .
302 4193 307 4204 ,
329 4192 335 4202 .
354 4148 552 4202 CUIREINAU
574 4189 686 4202 .....
705 4147 738 4201 ‚N
760 4189 766 4200 .
786 4190 792 4201 .
813 4191 819 4201 .
842 4152 959 4216 ἤλαεαν,
995 4148 1093 4215 Itaque
1115 4148 1285 4201 Frontonem
1307 4145 1414 4198 dedisse

274 4233 409 4303 suspicor:
429 4235 498 4299 μετὰ
517 4237 601 4299 κῶας,
620 4238 660 4285 cui
676 4238 717 4285 rei
734 4236 909 4301 nuniqaeeent:
932 4236 1039 4300 ἤλαεαν
1057 4234 1109 4285 cet.
1134 4232 1194 4285 Hac
1211 4230 1320 4285 ratione
1339 4228 1414 4296 quin-

274 4335 327 4385 que
345 4335 390 4372 res
409 4318 585 4374 constabunt.
621 4316 710 4370 Maius
727 4315 756 4370 in
773 4316 824 4370 Ed.
843 4314 954 4370 Mediol.
972 4317 1030 4371 fere
1049 4316 1147 4370 eodem
1165 4315 1256 4370 modo.

359 4410 374 4457 t
394 4402 459 4457 eod.
477 4420 519 4470 pr.
539 4420 575 4455 m.
589 4407 737 4456 consimiles.

358 4495 374 4542 8
393 4487 498 4542 Codex:
517 4496 544 4539 nt
563 4506 636 4554 quae.

358 4578 374 4626 9
391 4573 435 4626 An
453 4577 603 4625 Haemone?
627 4569 837 4639 Peerlkampius
853 4568 883 4623 in
894 4570 992 4625 Horat.
1012 4569 1070 4624 Sat.
1088 4587 1116 4638 p.
1129 4576 1162 4624 38
1179 4568 1261 4637 legit:
1281 4573 1313 4621 de
1331 4571 1413 4621 Inone

274 4668 299 4710 ct
317 4662 437 4711 Aulonide
459 4683 486 4693 -—
507 4660 612 4707 itenere.
1223 4670 1225 4674 ·

343 4748 374 4794 10
391 4739 468 4793 Haec
486 4738 624 4792 sententia
645 4740 673 4792 in
691 4741 769 4792 textu
785 4738 883 4807 periit,
909 4740 957 4793 sed
979 4740 1097 4808 apparet
1119 4738 1148 4789 in
1170 4736 1304 4805 margine.
1342 4736 1413 4787 Tum

274 4824 371 4893 incipit
383 4825 472 4877 altera
485 4822 619 4888 columna,
633 4840 703 4890 quae
715 4824 812 4890 nequit
823 4822 880 4891 legi
891 4825 1004 4891 praeter
1016 4822 1225 4876 adnotationem
1236 4820 1266 4873 in
1278 4819 1412 4887 margine.
1466 4851 1471 4856 -

344 4916 372 4963 ll
391 4906 563 4962 Ecksteinius
582 4907 693 4978 coniicit
711 4914 877 4976 eloquentiae.
