3300 6050
297 880 337 941 14
508 878 543 929 Μ.
564 875 731 929 CORNELIl
750 874 957 928 FRONTONIS
975 873 1230 928 EPISTULARUM

295 1048 525 1110 succlamatum
548 1049 611 1107 est:
642 1045 755 1111 ἀξίω(1
784 1050 844 1110 τοῦ
866 1051 1011 1124 ποιητοῦ.
1063 1045 1124 1109 Sed
1147 1046 1231 1128 qnod
1258 1050 1294 1108 tu
1322 1046 1439 1109 merito

294 1149 442 1210 omnibus
463 1151 651 1229 praeoptas,
679 1168 744 1209 non
769 1147 823 1208 diu
846 1148 984 1210 diffluas
1036 1148 1087 1210 Ita
1110 1147 1256 1210 adfectus
1278 1150 1326 1210 est
1348 1148 1438 1210 audi·

293 1250 381 1312 tione
404 1247 531 1310 eorum²
553 1248 710 1311 Dominus
732 1269 837 1328 meuS,
868 1251 903 1310 nt
931 1271 1034 1331 paene
1056 1249 1188 1312 moleste
1208 1249 1323 1330 ferret,
1354 1250 1439 1332 quod

293 1351 357 1413 alio
378 1351 471 1413 modo
494 1350 534 1412 ad
556 1349 724 1432 negotium
748 1350 910 1412 ³oenluras
931 1364 1018 1419 esser,
1047 1372 1144 1432 quam
1166 1372 1203 1412 eo
1224 1372 1287 1432 quo
1308 1353 1346 1412 tu
1367 1372 1438 1412 ora-

292 1452 414 1514 tionem
429 1450 608 1513 habiturus.
643 1449 712 1512 Ιῒει1
734 1471 844 1512 veram
859 1472 1009 1513 sensuum
1023 1452 1223 1532 facultatem,
1248 1451 1437 1514 elocutionis

292 1554 415 1616 variam
442 1553 610 1633 virtutem,
639 1552 835 1614 inventionis
864 1551 1024 1634 aliquam⁵
1053 1554 1244 1627 novitatem,
1281 1552 1437 1614 orationis

292 1654 420 1717 doctam
443 1654 684 1736 dispositionem
706 1651 912 1716 vehementer
933 1654 1067 1716 miratus
1091 1656 1159 1716 est⁶
1184 1703 1190 1715 .
1216 1704 1222 1714 .
1249 1704 1256 1715 .
1283 1703 1289 1715 .
1316 1705 1322 1715 .
1347 1675 1434 1735 opes.

292 1755 427 1830 Quaeris
454 1754 529 1836 quid
556 1776 607 1818 me
635 1754 791 1817 maxime⁷
822 1803 1132 1827 ..........
1135 1754 1173 1816 ln
1201 1754 1252 1816 his
1280 1755 1375 1816 rebus
1403 1758 1437 1816 et·

293 1857 397 1920 causis
419 1855 529 1939 quidni
545 1856 655 1918 rivalis
670 1856 847 1919 ludicius*
872 1904 1340 1918 ...............
1365 1878 1435 1918 sen·

267 1975 272 1982 ·
292 1957 415 2021 tentia⁹
440 2006 555 2019 .....
579 1958 666 2020 intra
678 1957 701 1995 ¹⁰
725 1979 894 2020 causarum
912 1957 962 2019 de'
976 1958 1091 2019 ¹1mum
1106 1957 1260 2019 terminos
1270 1957 1293 1995 ¹²
1308 1957 1435 2037 valent3

292 2060 357 2122 tuis
385 2062 494 2121 autem
522 2059 675 2139 decretiS,
705 2058 800 2140 imp,
831 2057 975 2140 exempla
998 2057 1125 2140 publice
1147 2057 1285 2120 valitura
1307 2058 1341 2121 in
1364 2081 1435 2140 per·

291 2165 423 2243 petuum
445 2161 644 2222 sanciuntur.
688 2159 793 2221 Tanto
815 2159 918 2222 maior
938 2158 998 2220 tibi
1021 2159 1069 2221 iis
1091 2164 1124 2222 et
1145 2163 1302 2242 poteStaS,
1337 2181 1435 2242 quam

291 2261 368 2324 fatis
390 2261 552 2324 adtributa
576 2265 639 2324 est:
661 2260 747 2341 sata,
771 2261 848 2342 quid
870 2260 1007 2342 siugulis
1028 2264 1174 2323 nostrum
1197 2261 1341 2341 eveniat,
1370 2265 1434 2325 sta·

290 2366 402 2444 tuunt3
424 2365 472 2443 tu,
495 2362 549 2424 ubi
573 2363 650 2445 quid
664 2362 699 2424 in
715 2361 859 2444 singulos
875 2362 1030 2443 decerniS,
1054 2363 1099 2425 ibi
1117 2363 1281 2425 universos
1292 2362 1315 2401 ¹3
1330 2385 1434 2426 exem-

290 2464 344 2547 plo
372 2463 592 2545 adstringis¹⁴.
638 2461 742 2536 Quare
771 2463 798 2524 si
825 2461 887 2524 lroc
923 2463 1085 2563 decretqm
1113 2463 1173 2526 tibi
1200 2464 1435 2546 proconsulis¹⁵
1528 2464 1531 2468 ’

290 2565 466 2647 placuerit,
503 2564 640 2626 formam
673 2564 796 2626 dederis
833 2564 981 2626 omnibus
1017 2565 1160 2626 omnium
1195 2565 1434 2647 provinciarum

204 2726 208 2734 ,
290 2664 552 2749 magistratibus,
576 2665 652 2747 quid
673 2665 709 2727 in
731 2665 885 2728 eiusmodi
901 2666 1005 2727 causis
1020 2666 1206 2728 decernant.
1235 2664 1316 2739 Quid
1332 2667 1435 2750 igitur

291 2764 440 2828 eveniet?
475 2765 555 2828 illud
581 2765 720 2847 scilicet,
758 2769 795 2828 ut
822 2769 1017 2829 testamenta
1045 2767 1153 2829 omnia
1181 2788 1219 2829 ex
1247 2767 1434 2850 longinquis

241 2933 245 2937 ,
290 2867 578 2949 transmarinisque
588 2867 612 2906 ¹⁶
645 2867 818 2949 provinciis
846 2865 982 2930 Romam
1016 2867 1057 2928 ad
1090 2868 1307 2951 cognitionem
1342 2872 1431 2931 tuam

290 2968 487 3033 deferantur.
516 2967 616 3032 Filius
639 2968 844 3032 exeredatum
865 2990 899 3032 se
914 2969 1139 3053 suspicabitur,
1163 2970 1374 3054 postrdabit¹⁷
1390 2993 1433 3034 ne

358 3264 369 3310 1
389 3257 477 3310 Maius
488 3256 557 3309 nihil
569 3256 700 3311 distinxit.
727 3256 820 3311 Codex
833 3257 941 3311 ridetur
953 3255 1069 3310 habere:
1089 3259 1118 3309 Α.
1130 3257 1193 3311 ΙΟ(.
1210 3254 1328 3326 SaepeO
1338 3276 1390 3327 pro
1400 3260 1431 3312 Ω.

357 3349 371 3395 2
389 3343 465 3396 Haec
484 3342 538 3394 duo
556 3342 692 3395 vocabula
710 3342 872 3395 exciderunt
889 3341 918 3393 in
936 3341 978 3394 ed.
997 3341 1077 3393 Rom.

357 3434 372 3479 3
390 3426 457 3480 Maii
474 3426 704 3496 supplementum.
740 3426 773 3478 In
791 3442 868 3493 seqq.
888 3426 976 3477 multa
993 3424 1076 3478 hodie
1095 3426 1265 3480 oblitterata.

355 3517 372 3563 4
390 3511 433 3564 Ita
450 3511 538 3566 Maius
557 3512 685 3565 correxit.
721 3511 848 3578 Legebat
865 3514 945 3575 infra.

356 3596 449 3649 5H‘oc
467 3598 541 3648 certe
551 3596 720 3649 vocabulum
732 3596 893 3661 corruptum
905 3596 955 3646 cst.
983 3594 1095 3647 Amicus
1114 3611 1189 3648 meus
1206 3595 1278 3648 hanc
1296 3597 1432 3664 epistolae

287 3681 398 3749 partem
415 3680 444 3732 in
463 3679 563 3733 Codice
580 3697 636 3733 non
653 3677 746 3748 potuit
763 3677 940 3746 distinguere.
976 3678 1050 3731 Malo
1069 3680 1138 3731 fere:
1158 3687 1303 3748 elegantem.

355 3770 371 3817 6
390 3764 493 3834 Supple
512 3762 657 3817 duodecim
675 3764 761 3816 ferme
779 3762 896 3816 litteras.

356 3847 493 3918 lsupple
514 3866 625 3901 versum
646 3865 731 3900 unum
753 3847 870 3901 circiter.
915 3846 1045 3915 Sequitur
1066 3849 1180 3917 longum
1201 3850 1392 3917 fragmentum
1415 3870 1431 3904 e

287 3933 435 3988 Frontonis
453 3933 579 3986 oratione
597 3932 634 3985 ad
650 3932 821 3986 Antoninum
839 3933 926 3986 Pium.

355 4025 371 4072 8
389 4017 493 4086 Supple
512 4017 580 4071 duos
596 4034 697 4071 versus.

355 4109 371 4156 9
390 4101 493 4169 Supple
512 4119 559 4155 sex
576 4103 633 4155 fere
651 4102 766 4156 litteras.

340 4195 371 4242 10
388 4187 449 4239 Hoc
465 4186 631 4239 vocabulum
649 4187 721 4256 sugit
738 4187 805 4241 Maii
824 4187 920 4241 aciem.

339 4277 368 4323 11
388 4270 489 4339 incipit
506 4270 571 4325 Cod.
591 4274 719 4326 Ambros.
739 4291 766 4341 p.
780 4279 820 4326 91.
856 4271 946 4324 Maius
967 4271 995 4323 in
1015 4270 1192 4339 disponcndis
1214 4272 1287 4325 foliis
1305 4274 1430 4340 graviter

288 4355 399 4409 erravit.

340 4446 370 4493 12
388 4441 539 4508 Perperam
556 4441 646 4495 Maius
664 4447 809 4495 terminare.
846 4440 903 4492 Nos
921 4440 1081 4508 legebamus
1100 4448 1225 4494 termium.

340 4583 371 4630 13
389 4575 482 4629 Codex
498 4577 608 4631 videtur
624 4578 729 4631 habere
742 4524 940 4629 ΙΙΨΒἸΠΕΚΒἍΗ

340 4667 371 4714 14
388 4660 560 4715 Vocabulum
578 4662 661 4717 hodie
679 4659 836 4715 evanidam.

339 4752 370 4799 15
388 4744 468 4799 cod:
486 4768 588 4815 procos.

340 4836 370 4883 16
389 4829 434 4883 Sic
451 4830 555 4885 Codex:
574 4837 775 4900 transmariniaq.

340 4920 370 4969 17
389 4914 492 4969 Codex:
510 4924 655 4986 postulavit.
