3300 6050
307 865 370 929 256
658 861 694 915 Μ.
709 860 878 916 CORNELH
895 860 1102 915 FRONTONIS

1459 999 1469 1020 .

308 1037 364 1113 μὲν
394 1034 453 1098 ὑπ’
474 1035 553 1113 ἐμοῦ
582 1034 734 1113 διδόμενα
763 1033 890 1098 δικαίως
912 1034 952 1098 ἂν
980 1031 1108 1111 καλοίης
1137 1035 1242 1115 δῶρα,
1270 1032 1310 1097 τά
1332 1033 1366 1097 δ’
1391 1031 1455 1097 ὑπ’

308 1136 432 1202 ἐκείνου
455 1136 563 1216 λύτρα.
598 1136 757 1202 Μάντεων
774 1137 809 1199 δὲ
824 1136 937 1199 παῖδές
952 1155 1048 1214 φαςιν
1070 1137 1119 1199 καὶ
1141 1137 1208 1199 τοῖς
1229 1138 1317 1206 θεοῖς
1338 1135 1456 1214 ἡδίους

308 1236 479 1304 εἶναιτῶν
502 1241 618 1303 θυςιῶν
641 1237 940 1318 τάςχαριςτηρίους
963 1239 982 1317 ἢ
1005 1238 1060 1301 τὰς
1091 1237 1278 1317 μειλιχίους·
1317 1235 1364 1302 ὧν
1395 1237 1455 1301 τὰς

301 1342 364 1418 μὲν
388 1341 419 1404 οί
441 1340 653 1420 εὐτυχοῦντες
681 1340 733 1403 ἐπὶ
756 1343 882 1424 φυλακῇ
912 1341 962 1403 καὶ
989 1341 1092 1419 κτήςει
1119 1343 1186 1403 τῶν
1216 1340 1363 1420 ἀγαθῶν,
1394 1340 1457 1404 τὰς

307 1444 343 1506 δὲ
372 1443 403 1506 οἱ
431 1449 536 1506 κακῶς
563 1442 759 1520 πράττοντες
787 1443 842 1506 ἐπ’
870 1441 1041 1526 ἀποτροπῇ
1070 1445 1136 1506 τῶν
1165 1445 1282 1507 δεινῶν
1311 1440 1455 1520 θύουςιν,

308 1544 390 1609 Τάδε
412 1546 469 1624 μὲν
492 1545 564 1623 περὶ
585 1550 652 1610 τῶν
669 1544 898 1624 ςυμφερόντων
915 1545 965 1609 καὶ
979 1543 1063 1609 τάιν1
1082 1544 1130 1608 ςοί
1150 1564 1186 1608 τε
1208 1543 1343 1628 κάκείνῳ
1363 1543 1456 1624 ὠφε-

309 1646 408 1725 λίμων
432 1645 575 1726 εἰρήςθω.

393 1747 425 1811 Εἰ
447 1749 482 1812 δὲ
504 1752 601 1812 τούτο
625 1747 763 1812 δίκαιόςῖ
787 1748 869 1815 ἐςτιν
891 1751 998 1828 τυχεῖν
1021 1752 1077 1827 τῆς
1099 1749 1187 1829 παρὰ
1210 1747 1288 1813 ςού3
1305 1747 1457 1829 βοηθείας

309 1901 314 1913 .
339 1901 344 1912 .
369 1900 375 1911 .
399 1870 509 1929 ερειςω
533 1870 568 1913 ςυ
590 1854 688 1915 τοῦτο
712 1901 718 1914 .
743 1900 750 1912 .
778 1851 866 1935 αὐτῷ
895 1858 1026 1936 πονερῷ
1056 1853 1092 1916 δὲ
1114 1872 1254 1929 τεκτηνω
1282 1851 1332 1913 καὶ
1353 1869 1457 1928 μηχα-

308 1953 1074 2036 νήςωτὰςθεττα..μεν..ων..ἐρᾷς..
1103 1950 1456 2017 δὲπα..εῖπε...

309 2075 386 2118 τοτα
408 2076 491 2118 κον.
517 2103 523 2116 .
547 2103 554 2116 .
579 2054 765 2134 (άλναίτιος.
792 2103 798 2114 .
822 2055 911 2118 τινὸς
933 2055 986 2118 διὰ
1007 2055 1065 2132 τὴν
1089 2054 1176 2138 αὐτῷ
1200 2075 1317 2118 κατακο
1336 2102 1342 2116 .
1361 2103 1368 2116 .
1389 2102 1396 2115 .
1414 2075 1456 2117 κο

311 2206 318 2218 .
345 2205 351 2217 .
377 2155 420 2239 ,λθ
442 2157 526 2233 πλὴν
551 2155 578 2219 εἰ
600 2156 639 2234 μή
662 2176 690 2219 τι
713 2155 824 2236 ὀφθεὶς
846 2155 1001 2234 ἠδίκηκας.
1228 2230 1231 2234 A

394 2259 446 2336 Μὴ
470 2257 580 2333 ἀγνόει
602 2259 638 2320 δὲ
660 2258 709 2321 καὶ
737 2258 892 2336 ἀδικηθεὶς
915 2258 1011 2322 αὐτὸς
1034 2260 1084 2322 καὶ
1108 2257 1313 2338 ὑβριζόμενος
1336 2257 1377 2322 οὐ
1400 2279 1458 2335 με-

308 2358 397 2438 τρίαν
419 2360 478 2437 ἤδη
502 2359 619 2436 ταύτην
635 2359 712 2436 τὴν5
728 2359 832 2441 ὕβριν,
855 2361 893 2423 τὸ
916 2364 1060 2425 ἅπαντας
1083 2359 1200 2424 εἰδέναι
1221 2381 1255 2423 τε
1277 2360 1328 2423 καὶ
1350 2380 1458 2441 φανε-

309 2465 374 2540 ρῶς
397 2460 501 2525 ούτως
524 2460 736 2539 διαλέγεςθαι,
767 2461 816 2525 ὅτι
844 2482 902 2525 ςου
921 2461 972 2546 ,εἴη
1002 2461 1058 2526 ὅδε
1081 2462 1226 2542 ἐραςτής·
1262 2462 1394 2542 φθάνεις
1418 2463 1459 2524 δὲ

309 2564 359 2627 καὶ
381 2563 454 2643 πρίν
477 2585 505 2627 τι
527 2569 593 2627 τύιν
615 2566 752 2627 τοιῶνδε
774 2566 900 2642 πράξω,
923 2564 1067 2643 τοῦνομα
1088 2569 1144 2642 τῆς
1166 2562 1312 2643 πράξεως
1334 2562 1459 2640 ὑπομέ-

308 2686 385 2730 νων.
433 2665 567 2728 Καλοῦςί
588 2659 724 2741 γὀύν6
748 2686 780 2729 ςε
804 2666 834 2729 οἱ
856 2662 996 2731 πλεῐςτοι
1018 2672 1085 2731 τῶν
1108 2668 1251 2730 πολιτῶν
1274 2665 1331 2729 τὸν
1354 2668 1459 2729 τούδε

309 2767 489 2846 ἐρώμενον·
521 2767 585 2842 ἐγὼ
617 2767 653 2829 δέ
676 2787 724 2830 ςοι
746 2769 933 2849 διαφυλάξω
956 2768 1099 2848 τοῦνομα
1127 2768 1268 2847 καθαρὸν
1297 2768 1346 2830 καὶ
1376 2765 1459 2830 άνύ-

311 2874 458 2949 βριςτον,ι
492 2869 594 2932 Καλὸς
622 2868 683 2946 γὰρ
713 2868 784 2949 ούχὶ
812 2870 993 2949 ἐρώμενος7
1020 2870 1058 2934 τό
1086 2892 1121 2947 γε
1149 2870 1220 2934 κατ’
1248 2870 1302 2948 ἐμὲ
1329 2868 1459 2948 ὀνομα-

311 2972 421 3050 ςθήςει.
457 2969 489 3034 Εἰ
510 2969 566 3034 δέ8
581 2969 686 3053 τούτῳ
710 2970 754 3035 ὡς
777 2971 886 3056 δικαίῳ
908 2973 968 3039 τινὶ
989 2971 1219 3054 χρήςεται,·ύτι
1241 2973 1362 3050 μᾶλλον
1388 2970 1460 3035 ἐπι-

310 3077 414 3154 θυμεῖ,
443 3072 518 3137 ίςτω
548 3071 596 3136 ὅτι
623 3073 682 3137 οὐκ
704 3074 847 3154 ἐπιθυμεῖ
869 3078 1009 3153 μάλλον,
1039 3076 1114 3139 ἀλλ’
1136 3074 1341 3154 ἰταμώτερον.
1389 3074 1461 3137 Τὰς

310 3177 345 3240 δὲ
368 3176 458 3253 μυίας
479 3176 530 3239 καὶ
552 3176 608 3238 τὰς
625 3174 755 3253 ἐμπίδας
773 3176 904 3254 μάλιςτα
919 3176 1144 3257 ἀποςοβοθμεν
1160 3179 1210 3240 καὶ
1225 3176 1458 3257 άπωθούμεθα,

310 3277 358 3341 ὅτι
386 3276 594 3342 άναιδέςτατα
628 3278 678 3340 καὶ
707 3277 887 3357 ἰταμώτατα
914 3279 1126 3343 ἐπιπέτονται.
1170 3280 1275 3361 Τοῦτο
1304 3280 1360 3354 μὲν
1392 3276 1459 3342 οὖν

310 3380 359 3443 καὶ
381 3381 420 3443 τὰ
442 3380 534 3459 θηρία
556 3379 715 3443 ἐπίςταται
743 3380 876 3460 φεύγειν
906 3381 1036 3458 μάλιςτα
1065 3380 1198 3444 πάντων
1220 3380 1296 3444 τούς
1318 3380 1460 3458 κυνηγέ-

309 3502 376 3559 τας,
399 3482 448 3545 καὶ
470 3483 510 3545 τὰ
532 3481 637 3560 πτηνὰ
659 3482 735 3545 τοὺς
759 3482 941 3561 θηρευτάς9.
974 3483 1028 3545 Καὶ
1043 3482 1149 3547 πάντα
1170 3483 1267 3546 δὲτὰ
1288 3485 1357 3566 Ζῷα
1379 3482 1461 3544 τού·

309 3604 385 3648 τους
407 3583 538 3661 μάλιςτα
566 3583 748 3662 ἐκτρέπεται
776 3586 852 3648 τοὺς
880 3585 1011 3663 μάλιςτα
1039 3583 1270 3671 ἐνεδρεύοντας
1300 3583 1350 3646 καὶ
1379 3582 1458 3646 διώ-

309 3706 434 3750 κοντας.

398 3787 429 3852 Εἰ
456 3787 492 3851 δε’
524 3808 570 3852 τις
603 3786 701 3852 οἴεται
738 3788 951 3868 ἐνδοξότερον
984 3789 1034 3852 καὶ
1064 3786 1266 3867 ἐντιμότερον
1301 3784 1385 3851 εἶναι
1415 3788 1458 3850 τὸ

310 3890 427 3954 κάλλος
451 3891 503 3954 διὰ
525 3891 601 3953 τοὺς
624 3890 772 3969 ἐραςτάς,
795 3896 854 3954 τού
876 3891 999 3955 παντὸς
1022 3891 1235 3970 διαμαρτάνει.
1284 3888 1459 3953 Κινδυνεύ-

311 4013 361 4056 ετε
385 3992 441 4070 μὲν
463 3992 524 4069 γὰρ
547 3991 578 4055 οἱ
593 3993 684 4056 καλοὶ
706 3992 777 4071 περὶ
799 3996 857 4055 τού
880 3992 1019 4056 κάλλους
1040 3996 1096 4069 τῆς
1118 3991 1152 4056 ἐς
1174 3993 1250 4056 τοὺς
1272 3989 1458 4056 ἀκούοντας
1550 4007 1552 4012 ·

396 4166 409 4212 1
428 4160 490 4212 Duo
507 4159 645 4212 voeabula
661 4158 750 4213 Maius
769 4159 870 4213 omisit.

395 4251 410 4297 2
428 4243 517 4297 Maius
539 4243 608 4312 legit
626 4245 742 4298 δίκαιον.

396 4337 411 4382 3
429 4327 546 4382 Videtur
561 4327 619 4397 legi
631 4330 704 4384 ΠΑΡ
716 4329 728 4381 λ
739 4332 778 4384 ΙΟ.
805 4329 964 4402 Sequuntm
981 4330 1204 4398 quattuordecim
1221 4346 1316 4384 versus
1335 4326 1460 4396 evanidi,

312 4430 380 4481 quos
398 4413 472 4467 dabo
489 4412 544 4465 fide
561 4412 635 4467 Maii.
671 4414 807 4483 Pleraque
824 4413 905 4467 iniis
923 4415 1046 4469 absurda
1063 4417 1134 4469 eunt.

395 4505 411 4551 4
429 4497 530 4568 Incipit
547 4497 613 4552 Cod.
632 4500 759 4553 Ambros.
778 4517 806 4568 p.
826 4506 867 4552 69.

396 4583 514 4637 ύΙλοοοί
529 4584 559 4635 in
578 4582 685 4636 Codice.
723 4583 840 4652 Supplet
857 4582 1034 4637 Niebuhrius¹
1070 4585 1212 4639 Bekkerus
1230 4585 1329 4638 eontra
1347 4584 1426 4637 dicit.

396 4675 411 4721 6
428 4668 517 4721 Maius
533 4668 616 4736 legit:
635 4671 765 4722 καλοῦςιν
784 4670 844 4721 οθν.
882 4667 1009 4721 Correxit
1027 4669 1179 4723 Bekkerus.

396 4759 410 4805 7
430 4752 535 4805 Codex:
558 4753 741 4819 ὁέρώμενος.
1134 4746 1149 4776 ⁰

396 4835 535 4890 800dex:
562 4839 605 4903 δή.

397 4921 581 4974 9Iecobsius:
601 4921 717 4976 ἰξευτάς.
