3300 6050
292 877 315 921 x
718 850 998 906 eaouacouauu.

290 1030 362 1109 ptos
396 1025 572 1108 glossisque
607 1022 772 1086 Saxonicis
804 1023 999 1104 illustratos3
1033 1022 1091 1085 hos
1120 1045 1177 1105 pro
1206 1023 1294 1086 varia
1323 1044 1431 1085 eorum

291 1127 484 1210 antiquitate
506 1124 556 1187 vel
579 1148 597 1186 a
620 1124 659 1187 D.
683 1124 880 1189 Oolrrmbano
904 1148 942 1187 ex
964 1124 1137 1206 Hibernia,
1162 1124 1213 1187 vel
1235 1148 1254 1186 a
1277 1124 1432 1188 Cumiano

291 1252 329 1291 ex
352 1227 459 1292 Scotia
482 1227 615 1310 aliisque
639 1227 790 1311 Anglicis
812 1225 978 1289 monachis
1007 1225 1120 1289 allatos
1148 1229 1287 1288 autumo.
1334 1224 1431 1288 Galli-

291 1352 405 1393 canam
427 1329 586 1412 originem
609 1331 793 1392 monstrant
815 1327 880 1391 alii.
896 1366 938 1375 —-
961 1328 1096 1392 Accedit
1112 1329 1258 1399 'maxima
1273 1328 1431 1390 ltomano·

289 1453 361 1494 rum
382 1431 536 1494 librorum
560 1432 650 1513 copia
673 1453 691 1493 a
714 1430 911 1496 Columbano
934 1433 967 1493 et
988 1429 1134 1493 Bertulfo
1156 1431 1191 1492 in
1213 1429 1359 1492 Romano
1381 1430 1431 1492 iti-

289 1555 367 1596 nere
390 1532 533 1615 collecta,
558 1533 608 1595 vel
631 1532 739 1595 oblata
762 1555 780 1594 a
801 1532 971 1615 fratribus3
994 1533 1028 1595 in
1051 1532 1101 1594 his
1124 1531 1286 1596 Ciceronis
1308 1531 1431 1595 Oratio-

289 1657 368 1697 num
391 1634 513 1697 codices
537 1634 598 1697 duo
614 1634 846 1697 Ambrosianus
869 1637 902 1697 et
920 1633 1146 1715 Tarrrinensis,
1170 1633 1244 1696 libri
1267 1633 1306 1695 de
1326 1632 1431 1715 Repu-

290 1735 385 1817 blica,
410 1737 506 1817 atque
528 1734 702 1818 Epistolae,
726 1735 899 1799 Frontonis
922 1758 1027 1818 opera,
1053 1734 1236 1818 Symmachi
1258 1734 1429 1815 orationes,

291 1836 397 1900 Codex
419 1835 668 1918 Theodosiana,
693 1837 883 1920 Anonymus
907 1839 945 1901 de
961 1836 1186 1917 Arithmetica,
1210 1836 1327 1918 aliique
1349 1837 1431 1898 bene

290 1937 420 2001 multi.“
469 1938 658 2006 Rectissime
686 1938 851 2022 Peyronus
884 1940 965 2002 vidit
991 1939 1163 2002 Frontonis
1193 1938 1333 2001 codicem
1365 1959 1430 2000 non

291 2038 383 2102 Bobii
417 2040 452 2102 in
485 2041 636 2104 coenobio
669 2044 835 2104 exaratum
867 2042 982 2124 fuisse,
1017 2041 1072 2103 sed
1105 2041 1139 2103 111
1168 2039 1263 2102 ltalia
1298 2039 1430 2121 alicubi3

289 2144 401 2223 postea
423 2141 587 2224 monachi,
612 2144 785 2226 ingruente
807 2143 970 2225 barbarie,
996 2146 1028 2206 et
1049 2142 1136 2205 hunc
1159 2145 1192 2204 et
1214 2140 1292 2203 alios
1315 2140 1431 2204 multos

290 2243 532 2326 rescripserunt.
578 2244 638 2318 Qui
666 2267 769 2328 nuper
796 2245 835 2307 de
857 2244 1062 2307 Monasteriis
1091 2242 1374 2306 Benedictinorum
1397 2243 1431 2305 in

289 2345 384 2408 ltalia
413 2346 495 2429 egit,
530 2345 716 2428 Alphoirsris
747 2347 899 2429 Dantier,
935 2347 998 2408 alia
1030 2346 1132 2408 multa
1161 2344 1323 2428 congessit
1350 2366 1431 2426 quae

290 2469 361 2509 cum
383 2447 492 2510 fructu
516 2447 660 2510 conferet
681 2449 735 2530 qui
758 2449 852 2530 plura
875 2448 990 2530 cupiet.
1035 2447 1080 2509 Et
1102 2447 1266 2528 Peyronus
1289 2448 1322 2508 et
1343 2445 1431 2507 Dan-

289 2548 400 2611 tierius
424 2549 539 2611 docent
567 2551 710 2611 veterum
732 2550 925 2632 scriptorum
948 2548 1070 2612 codices
1092 2569 1159 2611 non
1181 2546 1273 2609 Bobii
1296 2547 1432 2630 scriptos

290 2671 368 2732 esse,
393 2651 447 2713 sed
464 2650 591 2713 aliunde
606 2651 819 2716 bibliothecae
835 2651 950 2714 illatos.
981 2650 1053 2733 Sed,
1070 2650 1266 2712 redeundum
1282 2651 1367 2712 enim
1384 2654 1432 2713 est

291 2751 330 2813 ad
345 2751 517 2814 Frontonis
534 2752 687 2835 codicem,
712 2756 749 2816 ut
770 2754 898 2837 integer
917 2754 1038 2835 primus
1061 2752 1228 2836 quaternio
1251 2753 1307 2833 sit,
1331 2775 1431 2814 unum

208 2851 212 2860 “
289 2852 402 2915 10110111
424 2853 490 2916 sive
513 2854 593 2917 duae
615 2855 755 2938 paginae
777 2854 856 2917 mihi
873 2855 980 2917 deesse
995 2855 1153 2935 videntur,
1177 2855 1273 2917 titulo
1294 2854 1431 2917 fortasse

290 2955 479 3018 destinatae.
531 2954 648 3019 Statim
681 2953 796 3040 incipit
830 2956 861 3020 S.
892 2955 1065 3020 Caelestini
1092 2956 1200 3039 Papae
1223 2955 1358 3038 epistola
1391 2956 1431 3018 ad

289 3056 489 3139 Nestorium,
519 3081 599 3141 quae
623 3082 694 3122 cum
716 3060 828 3142 synodi
851 3058 1034 3141 Ephesinae
1058 3059 1138 3121 actis
1161 3058 1315 3140 coniungi
1337 3057 1428 3120 solet.

289 3158 414 3242 Pagina
440 3160 478 3222 12
505 3160 666 3243 incipiunt
692 3161 766 3223 illae
794 3161 964 3243 epistolae,
994 3183 1074 3243 quae
1103 3159 1230 3242 Synodo
1259 3158 1430 3222 Chalcedo-

289 3260 381 3323 nensi
409 3260 495 3323 viam
522 3261 688 3325 muniunt:
721 3263 821 3326 donec
849 3286 880 3345 p.
905 3264 946 3326 19
976 3266 1025 3325 est
1053 3262 1211 3325 adlocutio
1240 3261 1359 3343 Synodi
1391 3262 1431 3323 ad

288 3361 482 3444 principem:
520 3366 589 3425 tum
618 3387 649 3446 p.
674 3364 715 3427 94
744 3366 883 3428 edictum
917 3364 1048 3446 explicit
1079 3363 1235 3447 principis
1273 3363 1429 3445 synodum

289 3463 518 3527 confirmantis.
549 3464 676 3548 Pagina
692 3466 818 3529 demum
834 3466 875 3529 95
891 3465 1053 3528 exorditur
1073 3465 1177 3547 prima
1192 3463 1310 3546 Synodi
1334 3465 1428 3545 acti0,

289 3564 377 3625 cuius
406 3566 529 3647 amplus
557 3568 714 3628 tractatus
741 3569 846 3628 totum
874 3566 1024 3648 deinceps
1048 3565 1188 3628 codicem
1210 3568 1346 3647 ‹iecnpat
1379 3588 1429 3627 ns-

289 3686 350 3747 que
373 3666 412 3727 ad
434 3688 508 3749 pag.
532 3667 605 3749 286,
630 3690 710 3750 quae
732 3667 903 3730 voluminis
927 3670 1068 3729 extrema
1091 3669 1149 3729 est.
1195 3666 1355 3729 Videntur
1377 3667 1429 3729 de-

289 3787 357 3829 esse
383 3766 418 3829 in
445 3768 510 3830 fine
538 3771 690 3849 quattuor
722 3768 862 3853 paginae
891 3770 957 3831 sive
988 3768 1067 3831 folia
1100 3768 1170 3829 du0.
1216 3766 1320 3830 Huius
1354 3767 1428 3830 libri

290 3866 424 3930 alterum
446 3869 609 3951 volumen,
635 3892 706 3933 cum
726 3871 801 3933 libri
824 3869 998 3933 Bobienses
1021 3868 1290 3950 distraherentur,
1319 3891 1429 3952 perve-

288 3969 339 4031 nit
360 3969 395 4031 in
418 3970 665 4034 Ambrosianam
688 3972 924 4035 bibliothecam.
955 3971 1065 4034 Habet
1085 3970 1223 4053 paginas
1242 3970 1305 4033 452
1326 3970 1429 4053 iisque

290 4070 497 4134 continentur
520 4073 646 4136 concilii
670 4074 812 4137 actiones
836 4096 855 4135 a
878 4074 982 4156 prima
1005 4070 1158 4155 acephala
1180 4094 1279 4154 usque
1296 4073 1336 4134 ad
1351 4072 1429 4136 XIV

288 4193 354 4233 non
378 4161 557 4255 expletam.
592 4173 638 4237 Ut
659 4175 807 4238 materies
832 4173 1016 4255 cohaereat,
1046 4172 1209 4236 sciendum
1237 4176 1286 4235 est
1308 4173 1429 4256 aliquot

288 4274 425 4356 paginas
447 4276 541 4338 initio
563 4276 685 4357 deesse,
708 4280 786 4359 puto
808 4275 907 4338 fuisse
930 4274 1104 4337 duodecim.
1134 4274 1293 4337 Volumen
1311 4275 1430 4338 desinit

288 4372 323 4436 in
346 4375 449 4438 medio
471 4377 639 4459 vocabul03
662 4378 771 4460 itaque
787 4377 890 4439 Maius
905 4376 980 4438 inde
995 4375 1154 4438 revulsam
1175 4378 1269 4456 putat
1292 4376 1428 4439 actionis

289 4475 367 4539 XIV
388 4481 514 4559 partem
535 4479 706 4561 reliquam,
741 4499 822 4561 quae
850 4477 985 4539 materia
1012 4477 1079 4539 fere
1102 4477 1180 4539 satis
1203 4479 1252 4539 est
1273 4478 1330 4539 uni
1352 4500 1428 4561 qua-

288 4578 439 4642 ternioni.
484 4579 553 4643 Iam
576 4580 657 4643 duae
678 4582 859 4663 postremae
887 4578 1014 4642 concilii
1042 4579 1184 4640 actiones
1211 4577 1273 4640 XV
1296 4580 1328 4640 et
1349 4577 1427 4641 XVI

290 4701 361 4741 cum
389 4680 510 4764 aliquot
541 4683 707 4765 parergia,
742 4702 822 4763 quae
851 4680 886 4742 in
918 4679 1078 4763 plerisque
1107 4678 1267 4741 codicibus
1301 4678 1428 4746 subtexi

289 4781 393 4843 solent
415 4783 544 4866 synodo,
568 4786 697 4846 tantum
717 4782 784 4844 fere
809 4802 921 4863 corpus
945 4781 1100 4861 efficiunt,
1125 4781 1162 4842 ut
1176 4802 1215 4842 ex
1237 4801 1273 4842 co
1295 4782 1428 4844 tertium

289 4881 456 4965 quoddam,
481 4885 539 4947 etsi
562 4884 704 4964 brevius,
728 4882 877 4945 volumen
901 4882 1030 4945 confieri
1052 4880 1163 4963 possit.
1209 4877 1427 4954 9001101011-
