3300 6050
282 851 344 914 213
527 847 751 902 1166611616
773 847 980 903 rnourorus
1003 847 1179 904 EPISTULA

282 1020 414 1082 drianoa
454 1019 623 1102 imperium
662 1018 829 1102 optinente
866 1022 1022 1103 quantum
1054 1021 1193 1085 militum
1221 1044 1240 1084 a
1267 1022 1424 1105 Iudaeis¹,

281 1123 437 1204 quantum
460 1121 500 1184 ab
522 1119 690 1185 Britannis
718 1120 887 1195 caesum²?
929 1120 1025 1185 Patre
1048 1122 1145 1186 etiam
1172 1124 1299 1187 vestrob
1327 1124 1426 1208 impe·
1512 1147 1514 1150 ⁴

280 1226 373 1286 rante
396 1223 451 1306 qui
473 1223 615 1286 omnium
636 1223 819 1306 principum
848 1272 854 1286 .
881 1271 906 1309 ‚g
914 1272 1423 1291 ................

731 1323 765 1389 Si
797 1324 904 1388 Marso
936 1325 1007 1408 quis
1036 1329 1128 1408 patre
1160 1330 1256 1390 natus
1284 1329 1423 1410 viperas,

281 1427 418 1491 lacertas
441 1430 473 1491 et
494 1426 654 1490 natrices*
675 1426 814 1509 timeret,
838 1447 945 1490 nonne
961 1426 1157 1511 degenerare
1173 1428 1356 1513 ¹videretur?
1381 1478 1388 1492 .
1416 1478 1422 1493 .

283 1578 656 1593 ............
666 1530 691 1608 15
716 1577 722 1592 .
748 1579 755 1592 .
781 1577 789 1592 .
815 1577 822 1592 .
849 1578 856 1591 .
883 1543 909 1591 .ss
937 1529 1082 1611 pauculis
1117 1528 1228 1593 diebus
1261 1530 1296 1594 in
1325 1531 1424 1595 fascis

280 1634 439 1713 tenemur,
462 1631 510 1694 illi
532 1631 567 1694 in
588 1631 706 1714 pannis
731 1681 737 1694 .
764 1631 790 1694 :⁶
813 1633 890 1694 sunt
912 1651 1039 1694 omnem
1062 1632 1209 1695 aetatem.

366 1733 478 1816 Itaque
501 1733 602 1795 bonus
625 1732 679 1796 ille
700 1732 876 1816 imperator
900 1781 907 1796 .
933 1782 940 1795 .
966 1781 973 1795 .
997 1733 1107 1796 venire
1130 1734 1273 1816 captivos
1292 1734 1425 1798 iubebat

284 1885 291 1898 .
317 1885 324 1898 .
351 1884 358 1898 .
386 1833 452 1897 sint
473 1834 623 1918 ingratiis
651 1833 727 1917 quid
750 1855 826 1918 cg0,
856 1833 972 1917 quippe
1001 1834 1051 1898 cui
1076 1884 1083 1898 .
1109 1885 1115 1898 .
1140 1834 1221 1898 sin.
1248 1885 1254 1898 .
1281 1885 1287 1898 .
1314 1885 1321 1898 .
1345 1858 1425 1899 num

281 1959 341 2000 me.
366 1935 511 2000 Piscibus
527 1935 559 1999 in
577 1936 684 1999 caudis
700 1936 767 1999 est⁷
785 1985 906 2000 ......
909 1986 918 2019 ,
944 1935 1054 1999 avibus
1069 1937 1104 2000 in
1119 1936 1239 2020 pinniS,
1264 1936 1424 2021 anguibus

282 2037 429 2122 serpendi
452 2037 530 2102 vil.
557 2087 563 2101 .
589 2086 597 2102 .
621 2038 704 2121 quod
727 2038 797 2121 quis
815 2086 1421 2102 ...................

181 2147 184 2153 “
283 2189 423 2204 .....
447 2179 459 2187 -
483 2188 1023 2204 .................
1034 2138 1059 2223 18
1108 2138 1152 2202 nc
1188 2138 1323 2223 gloriam
1359 2139 1423 2204 Ro-

280 2242 367 2305 mani
398 2241 538 2305 nominis
564 2241 806 2323 restituendam,
841 2244 874 2304 61
904 2242 1036 2305 insidias
1064 2240 1254 2323 fraudesque
1281 2240 1424 2306 hostium

282 2394 288 2407 .
316 2393 323 2407 .
349 2395 355 2407 .
380 2366 460 2427 quae
498 2345 681 2428 comparata
710 2393 717 2406 .
744 2393 750 2407 .
780 2344 918 2407 vendere
951 2342 1069 2436 nugaci
1098 2393 1105 2406 .
1132 2393 1139 2405 .
1165 2343 1310 2406 consulta
1346 2347 1424 2407 sunt

279 2449 347 2509 tam
371 2496 377 2509 .
404 2496 411 2510 .
437 2468 495 2510 con
526 2496 533 2510 .
559 2495 566 2509 .
589 2446 658 2509 iure
685 2446 861 2528 meritoque
886 2495 893 2508 .
919 2495 926 2508 .
950 2467 1054 2528 neque
1083 2493 1091 2508 .
1117 2494 1124 2508 .
1149 2446 1264 2508 vocent
1291 2448 1423 2527 paratos

279 2548 439 2632 progredi,
463 2569 638 2629 remanere,
662 2569 767 2630 porro,
790 2550 887 2629 retro,
915 2547 980 2628 ilic,
1010 2545 1121 2629 1611619
1165 2545 1422 2629 Haudquaquam

280 2649 358 2713 utile
381 2653 430 2713 est
450 2649 573 2713 homini
595 2652 672 2712 nato
688 2671 738 2712 res
753 2670 923 2732 prosperas
938 2651 1091 2732 perpetuo
1108 2648 1249 2711 evenire:
1271 2646 1422 2712 fortunae

279 2752 387 2814 variae
409 2751 513 2834 magis
536 2752 652 2814 tutae0.
692 2755 746 2815 Est
760 2757 900 2829 exemplo
921 2740 1099 2831 Polycrates
1120 2754 1293 2813 Samiorum
1315 2760 1420 2831 tyran-

280 2875 336 2917 nus
363 2859 534 2931 lupentinus
555 2852 748 2932 prnedr'ms1⁰
776 2851 890 2934 opibus
913 2854 945 2915 ct
967 2852 1110 2915 omnium
1133 2872 1348 2934 quaecumque
1373 2851 1421 2915 in·

364 3057 381 3093 a
398 3045 432 3094 Ia
449 3046 573 3108 margine:
591 3039 633 3094 De
649 3037 800 3092 Hadriano.

363 3126 381 3179 b
399 3129 434 3179 In
450 3130 575 3193 murpine:
593 3122 732 3178 Antonino
750 3122 808 3177 Pio.

363 3226 378 3264 6
396 3214 429 3263 Iu
446 3214 570 3278 marpinc:
589 3208 630 3284 De
648 3208 815 3262 Parthorum
832 3207 900 3262 belli
917 3222 1002 3261 more.

365 3295 383 3347 d
401 3299 435 3348 ln
452 3300 575 3363 margine:
596 3335 602 3347 .
616 3335 622 3345 .
634 3293 644 3344 i
656 3292 778 3361 piscibus
790 3324 823 3331 -
836 3292 941 3357 avibus,
955 3296 981 3345 in
990 3290 1080 3360 pinnis
1094 3291 1231 3359 anguibus
1243 3291 1371 3361 serpendi
1383 3292 1418 3347 vi.

363 3398 377 3434 6
397 3384 429 3433 In
447 3384 571 3447 marpine:
595 3377 818 3444 Haudquaquam
836 3376 903 3431 utile
922 3376 1027 3431 homini
1045 3407 1077 3415 —
1095 3376 1181 3433 tutae.

269 3593 274 3598 .
364 3557 376 3603 1
395 3550 437 3604 De
449 3550 502 3603 hac
512 3548 589 3602 clade
602 3548 638 3602 ab
650 3546 760 3601 Iudaeis
771 3546 852 3601 illata
861 3547 913 3601 Dio
920 3546 1012 3600 LXIX.
1020 3551 1069 3612 14„
1082 3545 1302 3600 Ζ6116166ΧΙ23.
1323 3551 1419 3601 Maias.

362 3642 377 3687 2
396 3636 496 3703 Ignota
514 3634 574 3687 orat
591 3633 662 3686 haec
679 3629 841 3685 Britannica
863 3631 967 3697 clades,
993 3630 1047 3683 nisi
1070 3630 1145 3696 quod
1168 3628 1261 3698 Spart.
1281 3630 1309 3683 in
1331 3631 1418 3685 Hadr.

278 3738 300 3773 c.
321 3725 336 3773 5
354 3719 395 3773 ait
412 3718 561 3772 Britannos
579 3715 669 3771 1611611
688 3731 720 3770 eo
738 3718 865 3784 tempore
884 3716 935 3769 sub
954 3731 1071 3769 romana
1088 3714 1193 3768 ditione
1211 3731 1267 3768 non
1284 3715 1417 3784 potuisse.

278 3809 373 3861 Maius.

362 3896 377 3944 3
396 3887 525 3955 Sequitur
543 3886 609 3941 Cod.
628 3906 656 3956 p.
676 3892 725 3941 235
749 3904 811 3939 cum
829 3884 910 3939 unica
928 3883 1067 3939 sententia
1083 3885 1113 3937 in
1130 3883 1264 3953 margine.

298 4034 301 4038 ⁴
361 3971 485 4027 4Maius
503 3972 611 4027 confert
629 3970 753 4025 Solinum
771 3988 793 4024 c.
813 3976 837 4025 2.

362 4065 377 4111 5
395 4057 466 4110 Hinc
484 4057 555 4110 duae
573 4056 694 4125 paginae
711 4055 741 4107 in
759 4053 860 4109 Codice
879 4054 987 4107 desunt.
1014 4052 1145 4122 Sequitur
1162 4072 1189 4122 p.
1203 4059 1252 4108 231
1272 4070 1343 4121 quac
1361 4054 1420 4123 legi

278 4142 381 4211 nequit.
417 4141 518 4210 Incipit
534 4160 560 4210 p.
581 4148 643 4207 232,
661 4140 690 4193 111
708 4156 763 4206 qua
779 4157 871 4209 pauca
887 4139 945 4208 legi
962 4140 1085 4207 possunt.

362 4234 377 4281 6
394 4226 501 4279 Desunt
519 4225 589 4278 duae
607 4223 726 4278 litterae.
762 4226 805 4278 An
823 4226 940 4293 crepunt?

362 4317 377 4366 7
395 4310 450 4364 Sex
467 4310 524 4364 fere
542 4309 652 4363 litterae
669 4308 820 4379 perierunt.

289 4425 291 4428 ·
355 4402 377 4451 S
395 4394 495 4465 Incipit
513 4393 579 4448 eod.
598 4413 625 4463 p.
645 4399 703 4461 228,
720 4395 814 4449 lacera
832 4397 861 4447 et
878 4394 1004 4447 obscura.

361 4486 377 4535 9
395 4479 495 4549 Incipit
518 4477 585 4533 Cod.
607 4497 634 4548 p.
653 4484 716 4546 227,
739 4479 871 4543 obscura;
898 4494 989 4546 pauca
1011 4478 1076 4531 sunt
1094 4493 1166 4545 quae
1184 4475 1303 4531 conferri
1320 4478 1417 4546 potue-

277 4566 349 4619 runt.
384 4565 527 4619 Interdum
545 4563 643 4618 dubito
662 4565 696 4619 de
714 4564 768 4617 fide
787 4564 816 4617 ct
833 4562 935 4632 peritia
952 4561 1025 4617 Maii.

346 4655 377 4705 10
394 4650 426 4702 In
447 4649 500 4703 hac
521 4650 626 4718 pagina
652 4648 846 4718 supplementa
871 4647 938 4701 Maii
964 4646 1146 4716 expressimus
1171 4644 1273 4700 litteris
1302 4644 1415 4700 Italicis.

276 4734 464 4787 Heindorfius:
493 4739 530 4788 m
552 4738 640 4803 opibus
662 4745 688 4787 et
710 4739 814 4787 omnium
832 4752 1000 4802 quoecumque
1022 4738 1179 4793 intenderat,
1202 4736 1257 4783 sinc
1275 4736 1417 4799 ofsensione

277 4818 437 4887 Polycrates
456 4825 553 4886 potitur
575 4823 636 4872 nihil
652 4824 678 4871 r'n
695 4828 781 4872 aetate
800 4848 831 4860 -
849 4837 905 4873 esse
924 4822 1023 4874 dicirur.
1060 4814 1115 4869 Sed
1136 4832 1193 4869 non
1217 4815 1285 4869 satis
1307 4816 1417 4871 constat

278 4902 325 4960 ubi
346 4902 375 4960 in
393 4902 492 4957 Codice
515 4902 598 4956 fuant
615 4903 720 4956 lacuna.
