3300 6050
278 865 319 928 28
489 862 525 914 Μ.
541 860 708 914 CORNELII
726 857 933 913 FnoN'ronls
951 857 1206 914 EPISTULARUM

279 1056 382 1096 sermo
404 1032 496 1096 nobis
512 1035 653 1115 superte
669 1035 796 1094 exortus
814 1034 862 1094 est
876 1031 978 1093 multo
992 1031 1154 1113 multoque
1170 1030 1306 1114 longior,
1324 1055 1419 1114 quam

278 1134 338 1197 tibi
361 1138 392 1197 et
407 1134 568 1217 quaestori
589 1136 645 1196 tuo
668 1132 706 1196 de
728 1155 789 1195 me.
814 1133 927 1215 Itaque
949 1154 1009 1194 nec
1030 1132 1091 1194 tibi
1113 1132 1223 1195 dubito
1245 1132 1362 1195 ibidem
1384 1135 1420 1195 in

278 1235 347 1298 foro
380 1234 434 1297 din
467 1235 587 1298 tinnise
619 1234 786 1298 auriculas.
849 1233 1033 1316 Conprobat
1066 1232 1166 1316 igitur
1199 1232 1354 1296 Dominus
1388 1237 1420 1296 et

279 1339 366 1398 amat
389 1358 509 1418 causas,
545 1322 676 1419 propter
704 1357 782 1418 quas
801 1335 1034 1399 ¹recitationem
1062 1337 1152 1399 tuam
1184 1335 1218 1398 in
1241 1334 1420 1421 longiorem

278 1437 360 1500 diem
384 1438 547 1523 protulisti
575 1487 581 1503 .
609 1487 615 1503 .
641 1437 667 1503 ,¹

505 1695 578 1759 ΙΙΙ.
623 1691 812 1779 (Aurelius
836 1693 964 1759 Cacsar
986 1693 1189 1774 Frontoni).

363 1845 466 1910 ²Sane
501 1846 603 1929 siquid
637 1847 752 1910 Graeci
784 1849 908 1908 veteres
935 1846 1000 1909 tale
1030 1847 1255 1929 scripserunt,
1282 1847 1420 1910 viderint

279 1948 354 2030 qui3
377 1949 492 2030 sciunt,
518 1969 587 2031 eg0,
612 1949 639 2010 si
660 1947 711 2010 fas
734 1950 782 2010 est
798 1946 918 2030 dicere,
939 1943 1002 2010 nec
1015 1947 1058 2010 M.
1076 1948 1224 2011 Porcium
1247 1950 1315 2031 tam
1337 1949 1419 2011 bene

278 2049 531 2131 vituperantem,
556 2071 651 2132 quam
672 2049 728 2111 tu4
751 2048 905 2130 laudasti,
929 2071 1063 2131 usquam
1086 2048 1220 2112 advorti.
1256 2050 1282 2113 Ο
1307 2050 1333 2112 si
1356 2050 1419 2112 Do-

278 2149 384 2212 minus
405 2172 494 2213 meus
518 2151 596 2213 satis
618 2149 741 2212 laudari
763 2153 882 2232 posset,
906 2149 1050 2231 profecto
1073 2153 1146 2213 ate
1169 2151 1248 2213 satis
1270 2151 1419 2214 laudatus

279 2252 378 2313 esset!
408 2254 512 2317 Τοῦτο
535 2255 572 2317 τὸ
596 2253 694 2330 ἔργον
718 2253 757 2315 οὐ
780 2241 907 2327 siverat
921 2257 987 2316 νῦν.
1021 2251 1160 2314 Facilius
1183 2252 1252 2333 quis
1269 2252 1418 2335 Phidian,

278 2351 404 2415 facilius
428 2353 576 2435 Apellen,
600 2352 727 2416 facilius
756 2352 892 2434 denique
920 2352 1025 2433 ipsum
1047 2351 1286 2416 Demosthenen
1314 2354 1419 2417 imita-

278 2456 329 2515 tus
351 2453 465 2535 fuerit,
496 2457 551 2516 aut
576 2455 682 2536 ipsum
705 2453 876 2534 Catonem,
906 2475 1001 2535 quam
1029 2452 1089 2517 hoc
1116 2456 1184 2516 tam
1213 2454 1359 2518 effectum
1388 2459 1420 2518 et

279 2554 477 2617 elaboratum
499 2576 588 2637 opus.
612 2554 703 2617 Nihil
726 2575 785 2638 ego
807 2576 958 2636 umquam
982 2554 1112 2636 cultim,
1138 2554 1220 2617 nihil
1244 2557 1417 2640 antiquius,

278 2655 358 2717 nihil
384 2655 551 2737 conditius
575 2655 657 2717 nihil
679 2654 811 2718 latinius
833 2655 908 2738 legi.
934 2654 960 2718 Ο
983 2657 1016 2717 te
1038 2653 1199 2718 hominem
1214 2656 1344 2719 beatum
1359 2658 1420 2721 hac

279 2755 459 2837 eloquentia
481 2755 676 2840 praeditum!
702 2756 801 2819 Ome
830 2755 991 2818 hominem
1012 2755 1142 2819 beatum
1168 2756 1242 2820 huic
1262 2760 1419 2842 magistro

270 2856 450 2920 traditum!
496 2879 513 2921 0
538 2859 777 2937 ἑπιχειρήματαῑ
808 2857 948 2923 ordin!
973 2878 991 2918 o
1014 2853 1192 2940 elegantia!
1222 2880 1240 2920 o
1268 2859 1371 2941 lepos!
1400 2883 1419 2923 o

277 2959 443 3020 venustas!
467 2981 485 3022 0
507 2957 618 3021 verba!
642 2980 660 3020 o
680 2959 781 3021 nitor!
806 2957 1001 3042 oargutiael
1025 2957 1216 3022 okharites!
1245 2960 1417 3040 oderant!

278 3060 441 3123 oomnial
475 3059 525 3123 Ne
547 3060 681 3142 valeam,
710 3060 774 3123 nisi
801 3058 908 3142 aliqua
936 3058 987 3122 die
1015 3059 1127 3144 virga⁵
1154 3060 1189 3123 in
1217 3083 1331 3124 manus
1358 3062 1418 3125 tihi

277 3160 433 3223 tradenda
456 3164 534 3243 erat,
559 3161 704 3225 diadema
726 3161 1041 3246 circumponendum,
1061 3160 1204 3224 tribunal
1219 3163 1418 3247 ponendum:

277 3264 346 3323 tum
367 3283 483 3343 praeco
506 3263 609 3325 omnis
631 3284 690 3326 nos
714 3262 844 3325 citaret:
867 3261 942 3345 quid
958 3283 1016 3324 nos
1038 3262 1133 3325 dico?
1155 3264 1259 3326 omnis
1268 3263 1416 3347 inquam,
1448 3269 1451 3274 ’
1518 3249 1522 3258 ’

277 3362 456 3447 philologos
480 3366 511 3426 et
534 3364 669 3426 disertos
691 3363 785 3426 istos:
810 3384 863 3426 eos
885 3367 921 3425 tu
937 3362 1082 3447 singulos
1103 3363 1195 3447 virga
1218 3360 1424 3447 perduceres¹

278 3463 383 3526 verbis
406 3485 562 3527 moneres.
608 3464 689 3527 Mihi
720 3463 823 3527 adhuc
846 3464 953 3526 nullus
980 3467 1083 3526 metus
1112 3463 1204 3527 huius
1231 3466 1417 3528 monitionis

278 3567 362 3646 erat;
378 3564 397 3649 p
417 3564 520 3628 multa
543 3568 713 3646 supersunt
736 3567 771 3627 ut
794 3564 829 3626 in
851 3563 959 3627 ludum
981 3567 1071 3627 tuum
1086 3564 1199 3646 pedem
1217 3565 1415 3629 introferam.

276 3663 367 3727 Haeo
390 3687 462 3729 cum
485 3687 608 3728 summa
630 3665 840 3728 festinatione
863 3665 902 3727 ad
924 3668 957 3727 te
979 3665 1099 3728 scribo:
1127 3688 1203 3727 nam
1231 3688 1326 3748 quom
1354 3667 1416 3729 Do-

276 3766 356 3827 mini
384 3766 465 3828 mei⁷
499 3766 539 3828 ad
566 3768 599 3828 te
632 3766 802 3847 epistulam
824 3766 985 3829 mitterem
1019 3769 1088 3828 tam
1120 3765 1307 3849 benignam,
1341 3769 1417 3851 quid

276 3865 355 3929 meis
377 3865 575 3949 longioribus
597 3865 713 3930 litteris
736 3889 814 3949 opus
848 3868 946 3930 erat?
990 3867 1095 3951 Igitur
1116 3867 1202 3950 vale,
1232 3867 1327 3931 decus
1355 3869 1417 3931 elo-

361 4085 378 4120 a
396 4072 428 4120 Ia
447 4075 572 4141 marpine:
594 4112 598 4121 .
620 4112 625 4121 .
647 4113 650 4121 .
673 4113 678 4122 .
698 4070 825 4138 pre-inm
842 4071 902 4122 tam
919 4070 991 4122 bene

591 4197 596 4206 .
618 4197 622 4205 .
645 4197 649 4205 .
672 4197 676 4205 .
695 4155 820 4208 orantem
838 4171 922 4221 quam
938 4156 970 4206 tu
986 4153 1109 4207 laudasti

590 4255 741 4305 numquam
759 4238 875 4292 adverti.

362 4396 374 4442 1
393 4390 553 4443 Desiderari
570 4390 699 4444 videntur
716 4390 837 4459 paginae
856 4392 983 4458 quatuor.

361 4480 376 4527 2
395 4473 495 4542 Incipit
513 4473 578 4527 eod.
598 4474 661 4527 Vat.
681 4493 708 4543 p.
724 4479 784 4533 168„

359 4556 458 4612 30011.
478 4578 519 4628 pr.
539 4578 575 4612 m.
595 4579 667 4629 qnae.

358 4649 374 4695 4
394 4642 458 4696 Cod.
478 4662 520 4712 pr.
539 4662 575 4697 m.
595 4655 646 4696 tan.

360 4734 375 4781 5
394 4726 453 4782 Sec.
471 4746 507 4780 111.
529 4726 705 4795 superposuit
722 4734 815 4797 aliqua.

346 4817 375 4863 '6
392 4811 493 4880 Incipit
511 4810 577 4864 Cod.
596 4812 722 4863 Ambros.
743 4830 770 4880 p.
785 4816 842 4865 167.
1275 4853 1278 4858 «

360 4900 374 4947 7
392 4895 465 4947 Puta
481 4894 559 4948 illam
577 4893 726 4964 epistulam
744 4912 815 4963 quae
834 4897 878 4949 est
895 4895 1016 4949 secunda
1032 4894 1062 4949 in
1078 4896 1150 4951 libro
1163 4896 1200 4950 ad
1211 4895 1299 4951 Pium.
1319 4901 1414 4952 Maius.
