3300 6050
295 880 383 926 XXVI
422 922 426 930 ,
729 861 1009 917 PROLEGOMENA.

295 1033 447 1097 iudicium
473 1033 557 1096 ferre
585 1034 623 1096 de
650 1031 822 1096 Frontonis
852 1036 921 1096 arte
951 1034 1100 1097 oratoria.
1151 1035 1190 1097 In
1227 1036 1291 1097 fine
1320 1034 1438 1100 Caesar

296 1134 478 1218 significare
500 1135 635 1216 videtur,
660 1135 715 1198 sed
738 1135 891 1218 ambigua
912 1158 963 1198 res
981 1139 1039 1216 est,
1064 1158 1098 1200 se
1113 1135 1267 1199 Pollionis
1289 1136 1436 1220 magistri

295 1237 485 1300 auctoritate
512 1238 552 1300 ab
579 1236 707 1300 Horatii
735 1237 872 1301 lectione
901 1238 1090 1301 deterritum
1119 1260 1187 1301 esse
1214 1238 1309 1320 idque
1336 1238 1438 1302 Hero-

294 1321 366 1402 deni
397 1339 588 1422 improbare.
634 1339 796 1403 Rescribit
823 1340 944 1403 Fronto
973 1343 1005 1404 et
1035 1340 1145 1404 multis
1176 1339 1282 1405 verbis
1313 1342 1437 1424 gratias

294 1442 364 1525 agit
377 1442 404 1523 I,
422 1444 451 1507 1.

378 1542 418 1606 ln
439 1543 545 1627 Epist.
569 1544 618 1626 H,
644 1545 660 1606 1
691 1544 811 1606 Fronto
834 1544 989 1626 explicat,
1015 1567 1071 1607 cur
1093 1545 1235 1608 nondum
1258 1547 1436 1610 orationem
1469 1624 1472 1629 ¹

293 1647 328 1709 in
351 1648 466 1709 senatu
494 1645 644 1710 habuerit
672 1649 705 1710 et
726 1646 890 1734 significat
911 1668 945 1709 se
967 1646 1106 1730 August.
1130 1647 1177 1710 ld.
1202 1648 1240 1709 de
1262 1647 1312 1710 Pii
1336 1649 1435 1712 laudi-

293 1749 354 1811 bus
383 1771 451 1812 esse
479 1749 648 1812 dicturum.
695 1748 828 1830 Caesar,
859 1748 913 1831 qui
939 1751 1019 1812 tunc
1044 1748 1173 1833 longius
1201 1750 1326 1832 aberat,
1357 1751 1436 1814 duas

293 1852 470 1934 postremas
493 1850 643 1934 epistolas
666 1851 761 1914 simul
783 1832 923 1933 accepit:
947 1854 1032 1913 11111
1055 1851 1095 1914 ad
1117 1853 1284 1935 utramque
1306 1874 1435 1934 respon-

209 2019 213 2026 ,
294 1952 348 2015 det
369 1951 412 2036 Π,
436 1953 466 2016 2.
511 1953 606 2036 Legit
634 1953 786 2016 Plautum
814 1955 847 2015 et
868 1951 1042 2035 Naevium,
1072 1952 1137 2016 nisi
1163 1953 1302 2016 Novium
1330 1954 1433 2018 malis.

294 2053 389 2117 Brevi
412 2059 502 2137 post,
525 2055 669 2117 oratione
690 2054 726 2117 in
742 2057 857 2118 senatu
872 2054 1018 2136 recitata,
1042 2054 1163 2118 Fronto
1185 2055 1298 2118 scribit
1320 2057 1435 2139 episto-

292 2157 357 2221 lam
372 2156 398 2240 l,
416 2157 446 2220 8.
478 2156 597 2220 Suadet
612 2156 778 2240 discipule,
794 2179 837 2220 ne
853 2157 935 2220 solos
950 2159 1060 2240 poetas
1076 2159 1227 2240 sectetur,
1244 2158 1299 2221 scd
1315 2157 1436 2242 aliquid

292 2259 445 2343 temporis
459 2260 583 2323 tribuat
595 2281 709 2343 prosae
724 2281 848 2343 quoque
861 2259 1008 2323 orationi.
1036 2259 1137 2323 Addit
1147 2259 1267 2323 Fronto
1280 2260 1436 2323 Graecam

293 2360 460 2445 epistolam
475 2362 573 2425 Matri
589 2361 735 2426 Caesaris
750 2361 955 2443 inscriptam,
980 2383 1060 2444 quae
1076 2361 1162 2424 inter
1177 2361 1317 2425 Graecas
1331 2346 1442 2446 prima

292 2467 351 2527 111.
396 2464 514 2527 Iisdem
541 2485 665 2547 quoque
694 2464 805 2526 diebus
832 2462 952 2526 Fronto
980 2463 1148 2546 epistolam
1174 2463 1319 2546 scripsit,
1354 2486 1435 2547 quae

293 2569 342 2629 est
363 2567 467 2648 prima
490 2566 530 2628 ad
552 2565 756 2629 Antoninum
777 2564 888 2647 Pium,
918 2586 1016 2648 quum
1037 2566 1214 2628 orationem
1236 2567 1379 2629 mitteret
1399 2568 1436 2630 in

293 2668 360 2730 eius
393 2667 520 2730 laudeni
553 2667 683 2731 dictam.
733 2666 944 2750 Respondent
975 2666 1052 2730 Pius
1084 2667 1119 2729 in
1152 2667 1253 2730 altera
1288 2669 1433 2753 epistola,

292 2770 420 2833 Marcus
442 2770 477 2832 in
500 2770 593 2853 epist.
618 2770 661 2852 Π,
685 2770 720 2852 3,
750 2770 785 2832 in
814 2792 877 2852 qua
900 2769 1021 2851 optimo
1043 2768 1239 2832 adolescenti
1261 2772 1359 2834 verba
1382 2772 1434 2835 de-

292 2875 369 2935 sunt
397 2873 436 2934 ad
465 2872 713 2955 praedicandam
746 2869 981 2934 admirabilem
1000 2870 1173 2934 Frontonis
1207 2871 1432 2955 eloquentiam.

292 2973 457 3057 Epistolae
478 2974 522 3057 11,
545 2975 567 3038 4
593 2996 660 3038 non
690 2973 753 3037 nisi
784 2995 919 3057 parvum
939 2973 1160 3057 fragmentum
1183 2976 1347 3038 servatum
1370 2979 1434 3060 est3

291 3076 421 3141 Marcus
448 3077 588 3141 studiose
612 3076 767 3141 Catonem
795 3077 885 3160 legit.
931 3075 999 3139 Ult'
975 3076 1062 3139 timis
1092 3076 1258 3140 diebusm
1225 3078 1435 3161 mAugusti

291 3180 414 3263 scripta
443 3201 567 3263 quoque
596 3181 646 3242 est
672 3179 765 3262 epist
794 3179 838 3262 Π,
863 3179 893 3242 8.
944 3179 1050 3242 Mater
1078 3177 1239 3261 Caesaris,
1270 3179 1435 3263 adquam

291 3282 386 3345 simul
407 3282 496 3346 misit
518 3282 653 3345 alteram
675 3281 832 3345 Graecam
859 3280 1043 3364 epistolam,
1074 3281 1158 3344 diem
1184 3229 1327 3373 natalem
1355 3281 1434 3345 cele-

290 3384 422 3447 bratura
445 3388 503 3467 est,
526 3406 587 3448 nec
608 3387 719 3447 tamen
733 3383 853 3447 Fronto
874 3383 1011 3446 maxime
1035 3383 1166 3465 cupiens
1181 3381 1342 3465 Neapolin
1364 3406 1434 3447 evo-

290 3487 357 3549 lare
379 3489 500 3569 potest,
530 3487 605 3569 quia
633 3486 776 3548 nondum
799 3485 935 3548 eiuravit
955 3484 1192 3567 magistratum.
1237 3483 1328 3558 Quod
1349 3485 1434 3548 Mar-

292 3609 347 3651 cus
370 3588 536 3669 respondit
552 3585 595 3669 H,
613 3587 643 3669 9,
666 3586 734 3649 fere
756 3586 861 3669 periit.
894 3585 1128 3650 Creberrimum
1149 3585 1214 3648 fuit
1234 3586 1299 3649 illis
1321 3586 1433 3651 diebus

291 3688 499 3773 epistolarum
527 3689 767 3770 commercium,
796 3710 874 3751 nam
900 3688 996 3770 plane
1023 3689 1151 3750 constat
1172 3687 1235 3752 huc
1256 3689 1335 3752 item
1362 3712 1434 3804 1111-

212 3821 215 3831 “
291 3792 395 3856 tinere
418 3790 563 3856 Caesaris
586 3790 679 3872 epist.
703 3788 746 3872 ΙΙ,
772 3791 821 3853 10
867 3789 966 3852 Totus
989 3789 1069 3853 est
1059 3812 1095 3852 m
1117 3789 1246 3852 studiis·
1239 3791 1433 3873 ,imprimis

291 3894 399 3978 diligit
409 3896 552 3956 vetustos
566 3896 692 3975 poctas3
704 3892 823 3976 itaque,
841 3892 1009 3957 dummodo
1020 3892 1126 3988 locum
1138 3893 1224 3954 11111
1239 3839 1432 3992 intelligam,

290 3996 407 4060 iterum
435 3995 598 4079 significat
627 4017 660 4058 se
682 3994 876 4078 flagrantem
904 3993 1065 4078 antiquita
1046 3993 1108 4057 1111
1137 4014 1258 4077 amore,
1288 3972 1433 4075 Pollione

291 4100 436 4180 auctore,
462 4098 502 4160 ab
524 4096 660 4160 Horatio
683 4095 868 4160 alieniorem
891 4119 959 4160 1111
979 4097 1113 4159 factum

374 4199 415 4263 In
437 4199 529 4282 epist.
552 4199 596 4281 Π,
622 4198 779 4262 131114
807 4198 926 4263 Caesar
953 4198 1066 4261 scribit
1095 4197 1156 4260 sibi
1184 4198 1278 4261 unice
1306 4198 1434 4281 placere

181 4352 183 4354 >
292 4301 457 4385 Catonem,
481 4301 588 4364 minus
609 4300 737 4383 placere
760 4299 963 4381 Sallustium,
988 4303 1042 4362 sed
1064 4300 1182 4363 iudicia
1204 4301 1306 4364 otium
1328 4302 1368 4363 ad
1391 4302 1433 4365 11-

291 4404 432 4487 gendum
460 4404 614 4467 eximunt.
659 4400 781 4466 Eodem
808 4401 893 4464 refer
919 4401 962 4484 H,
990 4402 1043 4484 15,
1072 4401 1147 4484 quia
1175 4424 1213 4465 ex
1246 4401 1433 4466 brevissimo

289 4507 473 4589 fragmento
497 4508 631 4587 apparet
653 4504 848 4567 Frontonem
870 4524 1022 4586 prospera
1043 4504 1225 4567 valetudine
1248 4505 1311 4587 uti,
1335 4527 1434 4588 quum

290 4608 377 4671 infra
403 4607 579 4671 videbimus
612 4629 685 4670 eum
713 4629 799 4669 anno
835 4606 1019 4670 consulatus
1053 4606 1102 4668 sui
1134 4627 1201 4668 non
1236 4610 1431 4689 aegrotasse.

291 4708 379 4784 Quae
401 4708 544 4792 sequitur
566 4709 659 4792 epist.
683 4708 732 4790 11,
759 4711 798 4772 16
827 4732 899 4773 cum
927 4698 1084 4790 rescripto
1106 4705 1155 4789 H,
1182 4708 1220 4771 ll
1249 4708 1288 4770 de
1309 4707 1433 4772 heredi-

290 4814 358 4874 tate
380 4809 543 4894 Matidiae,
568 4834 625 4874 cur
647 4812 774 4874 credam
796 4811 925 4876 Caesari
947 4811 1056 4873 datam
1078 4830 1156 4890 esse,
1179 4831 1246 4871 non
1268 4808 1313 4871 M.
1330 4808 1432 4873 Anto·
1533 4835 1535 4840 ·

290 4914 369 4980 nino
391 4913 591 4999 Imperatori,
615 4912 719 4977 dicam
742 4913 781 4976 ad
802 4911 999 4977 Frontonem
1020 4911 1135 4994 ipsum.
1180 4910 1300 4975 Iisdem
1321 4912 1432 4976 diebus
