3300 6050
245 818 305 881 166
453 814 489 867 M.
505 814 674 869 coauunu
691 814 899 870 raourours
917 816 1172 872 nrisuucsaun
1189 834 1194 840 -

245 1003 327 1074 ego³
350 1010 422 1052 eum
445 987 499 1071 qui
520 989 553 1049 te
576 1008 642 1051 non
665 985 786 1050 amabit
793 1037 801 1069 ‚
831 987 933 1051 hostis
960 1010 1093 1051 numero
1116 989 1254 1063 habebo:
1291 1013 1386 1074 quem

243 1113 318 1156 vero
340 1093 376 1153 tu
398 1088 504 1152 minus
527 1089 659 1172 amabis,
682 1089 835 1152 miserum
854 1090 961 1172 potius
977 1112 1073 1173 quam
1088 1091 1212 1155 hostem
1226 1092 1384 1155 iudicabo

245 1193 292 1257 De
318 1240 489 1254 ......
500 1190 509 1229 ¹
541 1190 739 1255 Permultum
765 1192 864 1255 refert
886 1192 1037 1275 inprobes
1060 1193 1197 1277 aliquem
1220 1216 1262 1257 an
1284 1194 1387 1257 oderis

247 1346 253 1358 .
281 1345 286 1358 .
313 1295 370 1358 ciis
393 1296 425 1357 et
448 1292 589 1357 consiliis
610 1292 788 1377 indigebat.
835 1295 941 1377 Atque
963 1294 1089 1357 utiuam
1111 1294 1223 1380 Niger,
1247 1297 1330 1360 sicut
1352 1296 1387 1358 in

244 1396 403 1480 plerisque
426 1395 505 1458 mihi
528 1397 600 1478 post
627 1395 743 1478 paruit,
767 1395 814 1458 ita
838 1395 1006 1459 eonsilium
1027 1417 1122 1459 meum
1145 1405 1175 1460 ie
1197 1400 1387 1461 testamento

245 1506 431 1576 conficiendo
464 1498 627 1582 rogasset!
671 1497 767 1560 Haud
800 1516 953 1580 umquam
985 1500 1112 1561 tantam
1138 1499 1298 1563 maculam
1324 1522 1387 1563 me-

245 1602 365 1665 moriae
395 1621 471 1663 suae
498 1599 667 1663 inussisset
694 1598 800 1662 verbis
829 1599 1046 1663 immoderatis
1079 1602 1185 1684 ipsum
1217 1623 1250 1664 se
1280 1602 1386 1684 potius

246 1726 342 1788 quam
366 1702 444 1765 alios
466 1701 699 1766 laedentibusl.
745 1694 815 1764 Nee
831 1701 857 1762 ².
884 1751 890 1763 .
915 1701 1121 1765 intervallum
1142 1703 1386 1784 intercessisset,

246 1826 308 1890 quo
334 1853 474 1868 .....
484 1803 496 1843 ³
527 1852 1320 1867 ........................
1336 1806 1353 1866 ’.
1381 1854 1386 1867 .

250 1956 423 1971 ......
434 1902 458 1991 §4
474 1906 578 1969 virum
592 1904 647 1968 illo
670 1904 739 1988 ipso
761 1906 905 1988 tempore
928 1927 990 1987 quo
1005 1905 1153 1969 offendit:
1177 1906 1232 1969 sed
1253 1906 1389 1969 amando

247 2010 294 2073 ita
316 2008 466 2090 offendit,
491 2009 527 2070 ut
548 2007 700 2090 pleraque
722 2006 891 2088 animalia,
915 2006 1029 2090 quibus
1057 2008 1147 2071 abest
1170 2030 1222 2071 ars
1244 2011 1277 2071 et
1300 2008 1389 2071 sedu-

248 2111 322 2175 litas
345 2108 510 2192 educandi,
535 2130 594 2171 ova
617 2111 712 2191 atque
736 2108 857 2172 catulos
880 2130 952 2172 suos
975 2110 1138 2193 unguibus
1162 2116 1218 2173 aut
1241 2109 1390 2172 dentibus

248 2213 331 2278 male
341 2212 568 2293 contrectant,
592 2232 652 2274 nec
674 2211 745 2274 odio
761 2212 815 2275 sed
831 2211 995 2294 imperitia
1009 2212 1193 2275 nutricandi
1208 2214 1388 2294 opterunt0.

334 2315 405 2398 Ego
429 2316 513 2378 certe
537 2314 612 2378 deos
635 2334 765 2395 superos
788 2313 972 2396 inferosque
989 2316 1022 2376 et
1043 2314 1138 2377 fidem
1160 2335 1312 2378 arcanam
1333 2314 1390 2375 hu-

249 2439 363 2482 manae
387 2414 546 2479 amicitiae
569 2418 685 2496 testor‚
709 2436 760 2478 me
783 2437 909 2498 semper
931 2419 1094 2478 auctorem
1115 2415 1224 2497 fuisse,
1249 2415 1388 2491 euius..

251 2570 258 2583 .
284 2521 353 2581 5me
378 2568 383 2580 .
411 2568 417 2580 .
443 2518 549 2580 animo
574 2566 581 2580 .
608 2567 614 2580 .
639 2520 774 2600 utraque
798 2539 909 2580 causas
934 2567 940 2579 .
967 2567 973 2579 .
1001 2567 1007 2580 .
1038 2520 1070 2580 et
1092 2539 1169 2580 saue
1194 2566 1201 2578 .
1228 2566 1234 2578 .
1261 2567 1267 2577 .
1291 2516 1391 2579 homi-

250 2643 325 2686 nem
349 2670 354 2682 .
382 2670 387 2682 .
420 2641 492 2683 eum
518 2618 668 2682 incidisse
696 2618 799 2702 magis
829 2618 935 2682 doleas
945 2669 954 2704 ‚
984 2619 1039 2682 sed
1066 2617 1203 2682 fideliter
1230 2640 1356 2701 quem.
1383 2669 1389 2680 .

249 2724 285 2786 in
307 2722 417 2785 eodem
441 2718 559 2806 [agere]
584 2719 681 2801 velle,
705 2719 739 2782 in
762 2742 823 2802 quo
849 2771 855 2782 .
883 2721 911 2782 .⁶
933 2723 966 2784 et
988 2742 1064 2784 sane
1090 2770 1095 2783 .
1123 2770 1129 2783 .
1155 2720 1316 2803 expectari
1338 2743 1391 2803 po-

250 2826 351 2906 terat,
376 2823 410 2885 in
433 2844 469 2886 eo
492 2844 586 2906 quem
611 2819 721 2908 [corre]
730 2824 832 2884 xerat.
878 2821 947 2887 Nee
972 2872 978 2884 .
1005 2871 1012 2884 .
1037 2824 1130 2885 tanta
1152 2822 1338 2906 benignitas
1361 2825 1393 2884 et

250 2929 300 2989 tot
327 2923 483 2988 beneficia
508 2974 514 2986 .
541 2973 548 2986 .
577 2924 620 2986 tri
648 2923 708 2987 tibi
731 2926 838 2986 autem
860 2946 926 2987 non
951 2974 957 2986 .
983 2975 989 2987 .
1014 2924 1160 3007 equidem
1194 2973 1200 2986 .
1228 2973 1234 2985 .
1260 2945 1392 3006 eumque

251 3027 369 3091 habeat
391 3049 483 3090 suurn
506 3028 613 3091 finem.
658 3027 723 3090 Res
746 3029 854 3089 autem
876 3028 970 3109 istas,
999 3049 1078 3111 quas
1104 3048 1164 3090 nee
1188 3025 1317 3113 [tacere]
1340 3047 1392 3089 vo-

251 3130 382 3211 luimus,
414 3150 474 3192 nec
498 3127 640 3215 [negare]
666 3128 839 3210 oredimuS,
869 3131 915 3210 et,
946 3128 972 3192 si
995 3129 1038 3191 dii
1062 3128 1154 3211 aequi
1177 3131 1268 3210 sunt,
1302 3149 1392 3191 veras

253 3236 285 3296 et
314 3233 526 3315 congruentes
561 3230 760 3314 simplicitati
793 3233 923 3294 nostrae
952 3230 1112 3294 amicitiae
1146 3251 1272 3312 semper
1305 3230 1393 3292 adse-

252 3356 396 3417 quamur.

338 3520 355 3556 a
373 3507 406 3556 In
423 3508 548 3571 marpine:
566 3500 762 3569 Panegyricus.

337 3589 356 3641 b
375 3592 409 3641 In
421 3594 545 3656 morpine:
568 3588 650 3640 Haud
663 3603 795 3654 umquam
809 3602 921 3639 -suae
937 3584 1066 3638 inusisset
1077 3615 1110 3622 —
1123 3583 1192 3638 alios
1208 3584 1393 3638 laudentibus.

340 3677 405 3726 cIn
427 3678 551 3741 marpine:
569 3672 696 3725 Amando
720 3670 837 3723 offendIt
865 3702 898 3708 —
921 3670 1003 3725 abest
1024 3686 1069 3723 ars
1092 3670 1120 3721 et
1142 3669 1227 3722 sedul.
1252 3668 1396 3735 educandi,

255 3775 308 3812 ova
326 3756 417 3826 adque
437 3775 458 3811 c.
478 3775 497 3810 s.
518 3756 638 3825 ungibus
656 3773 680 3810 a.
702 3756 727 3809 d.
746 3774 782 3808 m.
803 3772 826 3808 e.
845 3773 870 3809 n.
892 3771 916 3808 o.
936 3772 956 3807 s,
975 3754 1107 3824 inperitia
1124 3772 1149 3808 n.
1170 3754 1309 3808 obterunt.

341 3953 353 3998 1
373 3947 485 3999 Lacuna
502 3960 630 3997 versuum
647 3942 745 4009 XVIII,
764 3943 881 4011 excepta
897 3943 993 3996 tamen
1010 3942 1143 4009 sequente
1160 3940 1305 4007 sententia,
1325 3958 1396 4009 quae

255 4032 284 4085 in
301 4029 428 4099 margine
446 4028 557 4096 legitur.
589 4032 682 4082 Moira.
718 4027 797 4081 Idem
815 4025 924 4096 seripsil
941 4033 1040 4097 aliquid
1055 4042 1107 4095 pro
1125 4032 1239 4095 aliquem.

340 4122 355 4169 2
375 4113 478 4183 Supple
497 4114 554 4167 fere
572 4131 657 4166 uuum
674 4123 792 4167 versum.
829 4116 923 4165 Maius.

341 4207 357 4254 3
374 4199 486 4253 Lacuna
503 4214 631 4251 versuum
648 4198 687 4251 IX
705 4215 767 4252 eum
786 4193 908 4251 dimidio.
945 4200 1041 4249 Maius.

341 4290 357 4337 4
375 4282 474 4351 Incipit
492 4281 557 4337 Cod.
581 4300 608 4351 p.
628 4287 686 4337 346.

342 4368 407 4422 5111
430 4366 609 4435 sequentibus
636 4365 740 4420 lacunis
758 4382 844 4433 usquc
867 4366 903 4419 ad
926 4364 1060 4435 epistulae
1083 4363 1233 4418 clausulam
1255 4363 1398 4432 perierunt

259 4472 353 4509 versus
374 4469 463 4524 prope
484 4452 539 4505 XL.
576 4457 671 4506 Maior.
707 4451 773 4504 Mox
795 4448 921 4518 sequitur
943 4449 1048 4519 pagina
1065 4455 1128 4515 345,
1153 4448 1202 4501 sed
1223 4448 1397 4516 negleximus

260 4540 395 4593 adnotare
413 4555 430 4591 a
449 4536 548 4604 quibus
566 4536 659 4591 verbis
676 4534 800 4604 incipiat.

343 4623 420 4677 elta
443 4621 578 4676 editiones
599 4620 709 4674 Mediol.
731 4622 759 4673 et
778 4620 854 4674 'Rom
899 4618 954 4674 Sed
976 4619 1005 4671 in
1027 4618 1089 4674 add.
1109 4617 1160 4672 Ed.
1179 4617 1301 4683 Mediol,
1324 4616 1399 4682 quod

258 4708 363 4763 Maium
387 4708 487 4776 postea
512 4705 614 4774 fugisse
642 4704 764 4758 videtur:
803 4695 881 4773 opere
904 4710 977 4767 uelle,
1007 4709 1033 4757 in
1056 4723 1105 4773 quo
1124 4746 1129 4756 .
1151 4745 1156 4754 .
1177 4744 1183 4755 .
1206 4709 1288 4758 oninro
1312 4744 1317 4753 .
1339 4743 1344 4753 .
1366 4743 1370 4752 .
1392 4744 1396 4752 .

260 4806 366 4863 utraque
383 4812 492 4847 causas.
514 4835 519 4845 .
541 4833 545 4844 .
567 4800 612 4844 ,εἰ
629 4809 691 4843 sone
706 4832 710 4843 .
727 4832 731 4842 .
753 4778 916 4857 ‚espectori
931 4799 1043 4857 poterat,
1062 4795 1089 4842 io
1106 4807 1135 4843 oo
1154 4807 1226 4857 quem
1243 4790 1399 4854 (revexerat.
1475 4858 1479 4864 ι

194 4885 197 4891 ’
261 4884 316 4933 Neo
332 4880 454 4946 moverat)
473 4872 546 4931 ttrite
563 4880 703 4945 boniportus
722 4875 773 4928 eet.
1119 4865 1123 4875 '
