<?xml version="1.0" encoding="UTF-8"?>
<!DOCTYPE html PUBLIC "-//W3C//DTD XHTML 1.0 Transitional//EN"
    "http://www.w3.org/TR/xhtml1/DTD/xhtml1-transitional.dtd">
<html xmlns="http://www.w3.org/1999/xhtml" xml:lang="en" lang="en">
 <head>
  <title>
</title>
<meta http-equiv="Content-Type" content="text/html;charset=utf-8" />
  <meta name='ocr-system' content='tesseract 3.04.00' />
  <meta name='ocr-capabilities' content='ocr_page ocr_carea ocr_par ocr_line ocrx_word'/>
</head>
<body>
  <div class='ocr_page' id='page_1' title='image "./mcorneliifronto00frongoog/mcorneliifronto00frongoog_0035.png"; bbox 0 0 3300 6050; ppageno 0'>
   <div class='ocr_carea' id='block_1_1' title="bbox 681 871 1398 940">
    <p class='ocr_par' dir='ltr' id='par_1_1' title="bbox 681 871 1398 940">
     <span class='ocr_line' id='line_1_1' title="bbox 681 871 1398 940; baseline 0.007 -15"><span class='ocrx_word' id='word_1_1' title='bbox 681 871 961 928; x_wconf 80' lang='lat' dir='ltr'>PROLEGOMENA.</span> <span class='ocrx_word' id='word_1_2' title='bbox 1308 893 1398 940; x_wconf 78' lang='lat' dir='ltr'>xxxr</span> 
     </span>
    </p>
   </div>
   <div class='ocr_carea' id='block_1_2' title="bbox 174 1038 1482 4793">
    <p class='ocr_par' dir='ltr' id='par_1_2' title="bbox 240 1038 1470 3266">
     <span class='ocr_line' id='line_1_2' title="bbox 339 1038 1396 1128; baseline 0.003 -22"><span class='ocrx_word' id='word_1_3' title='bbox 339 1043 472 1107; x_wconf 76' lang='lat' dir='ltr'>Praeter</span> <span class='ocrx_word' id='word_1_4' title='bbox 493 1045 693 1128; x_wconf 84' lang='lat' dir='ltr'>fragmenta,</span> <span class='ocrx_word' id='word_1_5' title='bbox 724 1066 805 1127; x_wconf 88' lang='lat' dir='ltr'>quae</span> <span class='ocrx_word' id='word_1_6' title='bbox 834 1046 873 1107; x_wconf 92' lang='lat' dir='ltr'>ad</span> <span class='ocrx_word' id='word_1_7' title='bbox 897 1044 1016 1107; x_wconf 88' lang='lat' dir='ltr'>calcem</span> <span class='ocrx_word' id='word_1_8' title='bbox 1038 1045 1142 1127; x_wconf 87' lang='lat' dir='ltr'>operis</span> <span class='ocrx_word' id='word_1_9' title='bbox 1166 1038 1396 1128; x_wconf 64' lang='lat' dir='ltr'>exhibebimus</span> 
     </span>
     <span class='ocr_line' id='line_1_3' title="bbox 255 1146 1398 1231; baseline 0.003 -24"><span class='ocrx_word' id='word_1_10' title='bbox 255 1148 330 1208; x_wconf 90' lang='lat' dir='ltr'>ante</span> <span class='ocrx_word' id='word_1_11' title='bbox 364 1150 526 1229; x_wconf 89' lang='lat' dir='ltr'>repertum</span> <span class='ocrx_word' id='word_1_12' title='bbox 555 1148 696 1210; x_wconf 78' lang='lat' dir='ltr'>codicem</span> <span class='ocrx_word' id='word_1_13' title='bbox 724 1146 974 1210; x_wconf 84' lang='lat' dir='ltr'><strong>Ambrosianum</strong></span> <span class='ocrx_word' id='word_1_14' title='bbox 1010 1148 1072 1210; x_wconf 90' lang='lat' dir='ltr'>duo</span> <span class='ocrx_word' id='word_1_15' title='bbox 1107 1147 1182 1210; x_wconf 88' lang='lat' dir='ltr'>libri</span> <span class='ocrx_word' id='word_1_16' title='bbox 1215 1149 1398 1231; x_wconf 89' lang='lat' dir='ltr'>argumenti</span> 
     </span>
     <span class='ocr_line' id='line_1_4' title="bbox 255 1247 1398 1333; baseline 0.003 -23"><span class='ocrx_word' id='word_1_17' title='bbox 255 1250 458 1332; x_wconf 89' lang='lat' dir='ltr'>grammatici</span> <span class='ocrx_word' id='word_1_18' title='bbox 485 1248 642 1312; x_wconf 87' lang='lat' dir='ltr'>Frontoni</span> <span class='ocrx_word' id='word_1_19' title='bbox 669 1249 905 1311; x_wconf 73' lang='lat' dir='ltr'>tribuebantur.</span> <span class='ocrx_word' id='word_1_20' title='bbox 949 1247 1075 1312; x_wconf 91' lang='lat' dir='ltr'>Horum</span> <span class='ocrx_word' id='word_1_21' title='bbox 1103 1249 1186 1312; x_wconf 89' lang='lat' dir='ltr'>alter</span> <span class='ocrx_word' id='word_1_22' title='bbox 1211 1250 1247 1312; x_wconf 89' lang='lat' dir='ltr'>in</span> <span class='ocrx_word' id='word_1_23' title='bbox 1269 1251 1398 1333; x_wconf 86' lang='lat' dir='ltr'>quibus-</span> 
     </span>
     <span class='ocr_line' id='line_1_5' title="bbox 255 1350 1396 1433; baseline 0.002 -21"><span class='ocrx_word' id='word_1_24' title='bbox 255 1350 328 1413; x_wconf 90' lang='lat' dir='ltr'>dam</span> <span class='ocrx_word' id='word_1_25' title='bbox 351 1350 511 1413; x_wconf 77' lang='lat' dir='ltr'>codicibus</span> <span class='ocrx_word' id='word_1_26' title='bbox 532 1350 720 1414; x_wconf 85' lang='lat' dir='ltr'>inscribitur</span> <span class='ocrx_word' id='word_1_27' title='bbox 743 1355 785 1413; x_wconf 91' lang='lat' dir='ltr'>M.</span> <span class='ocrx_word' id='word_1_28' title='bbox 810 1356 976 1415; x_wconf 78' lang='lat' dir='ltr'>Frontonis</span> <span class='ocrx_word' id='word_1_29' title='bbox 1004 1356 1155 1430; x_wconf 80' lang='lat' dir='ltr'>Exempla</span> <span class='ocrx_word' id='word_1_30' title='bbox 1178 1356 1396 1433; x_wconf 81' lang='lat' dir='ltr'>Elucoiionum,</span> 
     </span>
     <span class='ocr_line' id='line_1_6' title="bbox 254 1451 1398 1536; baseline 0 -22"><span class='ocrx_word' id='word_1_31' title='bbox 254 1452 289 1514; x_wconf 90' lang='lat' dir='ltr'>in</span> <span class='ocrx_word' id='word_1_32' title='bbox 313 1451 384 1515; x_wconf 88' lang='lat' dir='ltr'>aliis</span> <span class='ocrx_word' id='word_1_33' title='bbox 406 1474 481 1515; x_wconf 84' lang='lat' dir='ltr'>vero</span> <span class='ocrx_word' id='word_1_34' title='bbox 497 1456 644 1516; x_wconf 67' lang='lat' dir='ltr'>drusiani</span> <span class='ocrx_word' id='word_1_35' title='bbox 665 1451 735 1536; x_wconf 86' lang='lat' dir='ltr'>(seu</span> <span class='ocrx_word' id='word_1_36' title='bbox 756 1451 928 1532; x_wconf 73' lang='lat' dir='ltr'>Volusiani)</span> <span class='ocrx_word' id='word_1_37' title='bbox 952 1455 1046 1515; x_wconf 80' lang='lat' dir='ltr'>Messi</span> <span class='ocrx_word' id='word_1_38' title='bbox 1068 1456 1237 1531; x_wconf 62' lang='lat' dir='ltr'>Quadriga.</span> <span class='ocrx_word' id='word_1_39' title='bbox 1275 1453 1398 1517; x_wconf 85' lang='lat' dir='ltr'>Auctor</span> 
     </span>
     <span class='ocr_line' id='line_1_7' title="bbox 256 1552 1397 1637; baseline -0.001 -21"><span class='ocrx_word' id='word_1_40' title='bbox 256 1554 415 1637; x_wconf 84' lang='lat' dir='ltr'>excerpsit</span> <span class='ocrx_word' id='word_1_41' title='bbox 437 1576 476 1616; x_wconf 87' lang='lat' dir='ltr'>ex</span> <span class='ocrx_word' id='word_1_42' title='bbox 498 1556 650 1637; x_wconf 89' lang='lat' dir='ltr'>quattuor</span> <span class='ocrx_word' id='word_1_43' title='bbox 672 1553 881 1635; x_wconf 87' lang='lat' dir='ltr'>scriptoribus</span> <span class='ocrx_word' id='word_1_44' title='bbox 904 1552 1070 1636; x_wconf 85' lang='lat' dir='ltr'>Terentio,</span> <span class='ocrx_word' id='word_1_45' title='bbox 1102 1554 1270 1636; x_wconf 78' lang='lat' dir='ltr'>Cicerone,</span> <span class='ocrx_word' id='word_1_46' title='bbox 1295 1553 1397 1617; x_wconf 82' lang='lat' dir='ltr'>Sallu-</span> 
     </span>
     <span class='ocr_line' id='line_1_8' title="bbox 240 1654 1428 1739; baseline -0.003 -18"><span class='ocrx_word' id='word_1_47' title='bbox 240 1655 317 1722; x_wconf 87' lang='grc' dir='ltr'>Ι1110</span> <span class='ocrx_word' id='word_1_48' title='bbox 345 1659 378 1718; x_wconf 88' lang='grc'>11</span> <span class='ocrx_word' id='word_1_49' title='bbox 399 1654 553 1739; x_wconf 74' lang='lat' dir='ltr'>Virgilio,</span> <span class='ocrx_word' id='word_1_50' title='bbox 583 1677 663 1739; x_wconf 91' lang='lat' dir='ltr'>quae</span> <span class='ocrx_word' id='word_1_51' title='bbox 691 1658 806 1723; x_wconf 89' lang='lat' dir='ltr'>notatu</span> <span class='ocrx_word' id='word_1_52' title='bbox 829 1656 947 1739; x_wconf 85' lang='lat' dir='ltr'>dignae</span> <span class='ocrx_word' id='word_1_53' title='bbox 976 1656 1162 1719; x_wconf 85' lang='lat' dir='ltr'>viderentur</span> <span class='ocrx_word' id='word_1_54' title='bbox 1190 1656 1396 1737; x_wconf 87' lang='lat' dir='ltr'>elocutiones,</span> <span class='ocrx_word' id='word_1_55' title='bbox 1418 1668 1428 1676; x_wconf 54' lang='lat'>⁸</span> 
     </span>
     <span class='ocr_line' id='line_1_9' title="bbox 255 1757 1398 1842; baseline 0.001 -24"><span class='ocrx_word' id='word_1_56' title='bbox 255 1758 301 1819; x_wconf 88' lang='lat' dir='ltr'>ita</span> <span class='ocrx_word' id='word_1_57' title='bbox 323 1761 359 1821; x_wconf 92' lang='lat' dir='ltr'>ut</span> <span class='ocrx_word' id='word_1_58' title='bbox 380 1758 467 1840; x_wconf 87' lang='lat' dir='ltr'>ipsas</span> <span class='ocrx_word' id='word_1_59' title='bbox 489 1757 670 1821; x_wconf 86' lang='lat' dir='ltr'>litterarum</span> <span class='ocrx_word' id='word_1_60' title='bbox 697 1757 808 1820; x_wconf 90' lang='lat' dir='ltr'>ordine</span> <span class='ocrx_word' id='word_1_61' title='bbox 830 1757 990 1821; x_wconf 87' lang='lat' dir='ltr'>lemmatis</span> <span class='ocrx_word' id='word_1_62' title='bbox 1011 1757 1081 1821; x_wconf 90' lang='lat' dir='ltr'>loco</span> <span class='ocrx_word' id='word_1_63' title='bbox 1103 1761 1261 1842; x_wconf 74' lang='lat' dir='ltr'>poneret,</span> <span class='ocrx_word' id='word_1_64' title='bbox 1284 1758 1398 1820; x_wconf 88' lang='lat' dir='ltr'>deinde</span> 
     </span>
     <span class='ocr_line' id='line_1_10' title="bbox 254 1858 1398 1943; baseline -0.001 -21"><span class='ocrx_word' id='word_1_65' title='bbox 254 1861 352 1934; x_wconf 82' lang='lat' dir='ltr'>verba</span> <span class='ocrx_word' id='word_1_66' title='bbox 374 1860 585 1942; x_wconf 87' lang='lat' dir='ltr'>subiungeret</span> <span class='ocrx_word' id='word_1_67' title='bbox 606 1858 782 1942; x_wconf 80' lang='grc'><strong>1011110111,</strong></span> <span class='ocrx_word' id='word_1_68' title='bbox 808 1859 893 1942; x_wconf 89' lang='lat' dir='ltr'>apud</span> <span class='ocrx_word' id='word_1_69' title='bbox 907 1881 1003 1943; x_wconf 92' lang='lat' dir='ltr'>quem</span> <span class='ocrx_word' id='word_1_70' title='bbox 1022 1859 1208 1923; x_wconf 89' lang='lat' dir='ltr'>invenisset.</span> <span class='ocrx_word' id='word_1_71' title='bbox 1239 1859 1309 1922; x_wconf 90' lang='lat' dir='ltr'>Iam</span> <span class='ocrx_word' id='word_1_72' title='bbox 1323 1881 1398 1922; x_wconf 85' lang='lat' dir='ltr'>vcro</span> 
     </span>
     <span class='ocr_line' id='line_1_11' title="bbox 254 1959 1397 2045; baseline -0.002 -20"><span class='ocrx_word' id='word_1_73' title='bbox 254 2000 296 2009; x_wconf 88' lang='lat'><em>-</em></span> <span class='ocrx_word' id='word_1_74' title='bbox 319 1983 432 2045; x_wconf 89' lang='lat' dir='ltr'>sequor</span> <span class='ocrx_word' id='word_1_75' title='bbox 454 1959 624 2025; x_wconf 88' lang='lat' dir='ltr'>Niebuhrii</span> <span class='ocrx_word' id='word_1_76' title='bbox 646 1960 800 2024; x_wconf 89' lang='lat' dir='ltr'>iudicium</span> <span class='ocrx_word' id='word_1_77' title='bbox 821 1999 865 2009; x_wconf 86' lang='lat'>—-</span> <span class='ocrx_word' id='word_1_78' title='bbox 886 1963 1056 2044; x_wconf 85' lang='lat' dir='ltr'>postquam</span> <span class='ocrx_word' id='word_1_79' title='bbox 1077 1961 1251 2024; x_wconf 81' lang='lat' dir='ltr'>Frontonis</span> <span class='ocrx_word' id='word_1_80' title='bbox 1273 1962 1312 2024; x_wconf 87' lang='lat' dir='ltr'>de</span> <span class='ocrx_word' id='word_1_81' title='bbox 1334 1960 1397 2023; x_wconf 83' lang='lat' dir='ltr'>Ro-</span> 
     </span>
     <span class='ocr_line' id='line_1_12' title="bbox 255 2062 1397 2147; baseline -0.001 -21"><span class='ocrx_word' id='word_1_82' title='bbox 255 2063 343 2126; x_wconf 87' lang='lat' dir='ltr'>mani</span> <span class='ocrx_word' id='word_1_83' title='bbox 365 2063 520 2126; x_wconf 88' lang='lat' dir='ltr'>sermonis</span> <span class='ocrx_word' id='word_1_84' title='bbox 544 2062 726 2126; x_wconf 88' lang='lat' dir='ltr'>auctoribus</span> <span class='ocrx_word' id='word_1_85' title='bbox 748 2062 902 2126; x_wconf 89' lang='lat' dir='ltr'>iudicium</span> <span class='ocrx_word' id='word_1_86' title='bbox 923 2063 1082 2146; x_wconf 89' lang='lat' dir='ltr'>innotuit,</span> <span class='ocrx_word' id='word_1_87' title='bbox 1113 2063 1167 2146; x_wconf 91' lang='lat' dir='ltr'>qui</span> <span class='ocrx_word' id='word_1_88' title='bbox 1196 2064 1234 2127; x_wconf 89' lang='lat' dir='ltr'>de</span> <span class='ocrx_word' id='word_1_89' title='bbox 1257 2063 1397 2147; x_wconf 82' lang='lat' dir='ltr'>Virgilio</span> 
     </span>
     <span class='ocr_line' id='line_1_13' title="bbox 256 2163 1396 2248; baseline -0.001 -20"><span class='ocrx_word' id='word_1_90' title='bbox 256 2168 288 2228; x_wconf 88' lang='lat' dir='ltr'>et</span> <span class='ocrx_word' id='word_1_91' title='bbox 310 2164 461 2228; x_wconf 80' lang='lat' dir='ltr'>&#39;Ferentio</span> <span class='ocrx_word' id='word_1_92' title='bbox 482 2167 606 2246; x_wconf 88' lang='lat' dir='ltr'>taceat,</span> <span class='ocrx_word' id='word_1_93' title='bbox 637 2163 824 2228; x_wconf 77' lang='lat' dir='ltr'>Ciceronem</span> <span class='ocrx_word' id='word_1_94' title='bbox 847 2164 1081 2248; x_wconf 88' lang='lat' dir='ltr'>antiquioribus</span> <span class='ocrx_word' id='word_1_95' title='bbox 1110 2167 1196 2228; x_wconf 85' lang='lat' dir='ltr'>certe</span> <span class='ocrx_word' id='word_1_96' title='bbox 1217 2187 1284 2228; x_wconf 91' lang='lat' dir='ltr'>non</span> <span class='ocrx_word' id='word_1_97' title='bbox 1305 2187 1396 2248; x_wconf 89' lang='lat' dir='ltr'>prac-</span> 
     </span>
     <span class='ocr_line' id='line_1_14' title="bbox 254 2266 1396 2350; baseline 0 -21"><span class='ocrx_word' id='word_1_98' title='bbox 254 2267 348 2350; x_wconf 86' lang='lat' dir='ltr'>ferat,</span> <span class='ocrx_word' id='word_1_99' title='bbox 372 2267 443 2350; x_wconf 89' lang='lat' dir='ltr'>quis</span> <span class='ocrx_word' id='word_1_100' title='bbox 465 2266 557 2329; x_wconf 91' lang='lat' dir='ltr'>illum</span> <span class='ocrx_word' id='word_1_101' title='bbox 580 2267 698 2348; x_wconf 88' lang='lat' dir='ltr'>credat,</span> <span class='ocrx_word' id='word_1_102' title='bbox 723 2267 749 2328; x_wconf 91' lang='lat' dir='ltr'>si</span> <span class='ocrx_word' id='word_1_103' title='bbox 772 2266 867 2329; x_wconf 90' lang='lat' dir='ltr'>huius</span> <span class='ocrx_word' id='word_1_104' title='bbox 889 2267 1027 2349; x_wconf 73' lang='lat' dir='ltr'>generis,</span> <span class='ocrx_word' id='word_1_105' title='bbox 1040 2266 1120 2330; x_wconf 87' lang='lat' dir='ltr'>libro</span> <span class='ocrx_word' id='word_1_106' title='bbox 1142 2267 1396 2331; x_wconf 90' lang='lat' dir='ltr'>consarcinando</span> 
     </span>
     <span class='ocr_line' id='line_1_15' title="bbox 255 2353 1396 2452; baseline -0.001 -21"><span class='ocrx_word' id='word_1_107' title='bbox 255 2390 385 2450; x_wconf 90' lang='lat' dir='ltr'>operam</span> <span class='ocrx_word' id='word_1_108' title='bbox 407 2369 554 2451; x_wconf 80' lang='lat' dir='ltr'>dicasset,</span> <span class='ocrx_word' id='word_1_109' title='bbox 577 2389 644 2431; x_wconf 93' lang='lat' dir='ltr'>non</span> <span class='ocrx_word' id='word_1_110' title='bbox 662 2353 948 2450; x_wconf 57' lang='grc'>7(111011111111011111</span> <span class='ocrx_word' id='word_1_111' title='bbox 969 2368 1061 2430; x_wconf 91' lang='lat' dir='ltr'>illum</span> <span class='ocrx_word' id='word_1_112' title='bbox 1083 2389 1175 2432; x_wconf 89' lang='lat' dir='ltr'>suum</span> <span class='ocrx_word' id='word_1_113' title='bbox 1190 2368 1396 2452; x_wconf 84' lang='lat' dir='ltr'>Enniumque</span> 
     </span>
     <span class='ocr_line' id='line_1_16' title="bbox 256 2468 1470 2554; baseline -0.001 -20"><span class='ocrx_word' id='word_1_114' title='bbox 256 2493 329 2534; x_wconf 93' lang='lat' dir='ltr'>cum</span> <span class='ocrx_word' id='word_1_115' title='bbox 350 2470 385 2534; x_wconf 88' lang='lat' dir='ltr'>C.</span> <span class='ocrx_word' id='word_1_116' title='bbox 411 2470 523 2554; x_wconf 91' lang='lat' dir='ltr'>Cripso</span> <span class='ocrx_word' id='word_1_117' title='bbox 551 2469 769 2533; x_wconf 88' lang='lat' dir='ltr'>adhibiturum</span> <span class='ocrx_word' id='word_1_118' title='bbox 796 2468 921 2533; x_wconf 79' lang='lat' dir='ltr'>fuisse?</span> <span class='ocrx_word' id='word_1_119' title='bbox 963 2470 1076 2553; x_wconf 89' lang='lat' dir='ltr'>ltaque</span> <span class='ocrx_word' id='word_1_120' title='bbox 1104 2492 1171 2533; x_wconf 93' lang='lat' dir='ltr'>non</span> <span class='ocrx_word' id='word_1_121' title='bbox 1196 2471 1260 2534; x_wconf 85' lang='lat' dir='ltr'>fuit</span> <span class='ocrx_word' id='word_1_122' title='bbox 1281 2493 1396 2553; x_wconf 90' lang='lat' dir='ltr'>operae</span> <span class='ocrx_word' id='word_1_123' title='bbox 1461 2480 1470 2488; x_wconf 85' lang='lat'><strong><em>&#39;</em></strong></span> 
     </span>
     <span class='ocr_line' id='line_1_17' title="bbox 254 2570 1397 2660; baseline 0.001 -25"><span class='ocrx_word' id='word_1_124' title='bbox 254 2573 393 2655; x_wconf 89' lang='lat' dir='ltr'>pretium</span> <span class='ocrx_word' id='word_1_125' title='bbox 420 2576 488 2635; x_wconf 91' lang='lat' dir='ltr'>tam</span> <span class='ocrx_word' id='word_1_126' title='bbox 515 2575 647 2636; x_wconf 89' lang='lat' dir='ltr'>tenuem</span> <span class='ocrx_word' id='word_1_127' title='bbox 678 2570 816 2654; x_wconf 89' lang='lat' dir='ltr'>opellam</span> <span class='ocrx_word' id='word_1_128' title='bbox 849 2571 1000 2654; x_wconf 85' lang='lat' dir='ltr'>recipere.</span> <span class='ocrx_word' id='word_1_129' title='bbox 1046 2572 1139 2636; x_wconf 83' lang='lat' dir='ltr'>Alter</span> <span class='ocrx_word' id='word_1_130' title='bbox 1166 2572 1248 2635; x_wconf 88' lang='lat' dir='ltr'>liber</span> <span class='ocrx_word' id='word_1_131' title='bbox 1273 2576 1327 2660; x_wconf 88' lang='lat' dir='ltr'>est</span> <span class='ocrx_word' id='word_1_132' title='bbox 1359 2579 1397 2636; x_wconf 85' lang='lat' dir='ltr'>de</span> 
     </span>
     <span class='ocr_line' id='line_1_18' title="bbox 255 2673 1396 2754; baseline -0.001 -17"><span class='ocrx_word' id='word_1_133' title='bbox 255 2680 436 2754; x_wconf 81' lang='lat' dir='ltr'>differentiis</span> <span class='ocrx_word' id='word_1_134' title='bbox 473 2680 696 2738; x_wconf 78' lang='lat' dir='ltr'>vocabulorum.</span> <span class='ocrx_word' id='word_1_135' title='bbox 752 2673 966 2737; x_wconf 80' lang='lat' dir='ltr'>Consentiunt</span> <span class='ocrx_word' id='word_1_136' title='bbox 999 2674 1223 2738; x_wconf 87' lang='lat' dir='ltr'>Berolincnses</span> <span class='ocrx_word' id='word_1_137' title='bbox 1260 2675 1396 2738; x_wconf 87' lang='lat' dir='ltr'>editores</span> 
     </span>
     <span class='ocr_line' id='line_1_19' title="bbox 254 2775 1395 2860; baseline 0.002 -23"><span class='ocrx_word' id='word_1_138' title='bbox 254 2775 371 2838; x_wconf 89' lang='lat' dir='ltr'>librum</span> <span class='ocrx_word' id='word_1_139' title='bbox 393 2776 489 2839; x_wconf 87' lang='lat' dir='ltr'>vilem</span> <span class='ocrx_word' id='word_1_140' title='bbox 511 2797 580 2839; x_wconf 88' lang='lat' dir='ltr'>esse</span> <span class='ocrx_word' id='word_1_141' title='bbox 603 2778 635 2838; x_wconf 89' lang='lat' dir='ltr'>et</span> <span class='ocrx_word' id='word_1_142' title='bbox 656 2796 817 2858; x_wconf 89' lang='lat' dir='ltr'>nugarum</span> <span class='ocrx_word' id='word_1_143' title='bbox 839 2776 986 2859; x_wconf 91' lang='lat' dir='ltr'>plenum,</span> <span class='ocrx_word' id='word_1_144' title='bbox 1017 2776 1073 2839; x_wconf 90' lang='lat' dir='ltr'>sed</span> <span class='ocrx_word' id='word_1_145' title='bbox 1101 2779 1269 2860; x_wconf 88' lang='lat' dir='ltr'>perspecto</span> <span class='ocrx_word' id='word_1_146' title='bbox 1296 2776 1395 2840; x_wconf 88' lang='lat' dir='ltr'>Fron-</span> 
     </span>
     <span class='ocr_line' id='line_1_20' title="bbox 254 2877 1395 2961; baseline 0 -21"><span class='ocrx_word' id='word_1_147' title='bbox 254 2878 340 2940; x_wconf 89' lang='lat' dir='ltr'>tonis</span> <span class='ocrx_word' id='word_1_148' title='bbox 362 2879 505 2961; x_wconf 84' lang='lat' dir='ltr'>ingenie,</span> <span class='ocrx_word' id='word_1_149' title='bbox 528 2880 652 2960; x_wconf 88' lang='lat' dir='ltr'>negant</span> <span class='ocrx_word' id='word_1_150' title='bbox 674 2877 767 2940; x_wconf 89' lang='lat' dir='ltr'>nobis</span> <span class='ocrx_word' id='word_1_151' title='bbox 789 2877 885 2940; x_wconf 88' lang='lat' dir='ltr'>licere</span> <span class='ocrx_word' id='word_1_152' title='bbox 908 2878 945 2942; x_wconf 88' lang='grc'>11,</span> <span class='ocrx_word' id='word_1_153' title='bbox 960 2878 1143 2941; x_wconf 88' lang='lat' dir='ltr'>abiudicare</span> <span class='ocrx_word' id='word_1_154' title='bbox 1165 2879 1249 2961; x_wconf 90' lang='lat' dir='ltr'>quod</span> <span class='ocrx_word' id='word_1_155' title='bbox 1270 2879 1395 2940; x_wconf 91' lang='lat' dir='ltr'>minimi</span> 
     </span>
     <span class='ocr_line' id='line_1_21' title="bbox 255 2977 1395 3062; baseline 0 -19"><span class='ocrx_word' id='word_1_156' title='bbox 255 2980 297 3044; x_wconf 87' lang='lat' dir='ltr'>sit</span> <span class='ocrx_word' id='word_1_157' title='bbox 324 2980 429 3062; x_wconf 88' lang='lat' dir='ltr'>pretii.</span> <span class='ocrx_word' id='word_1_158' title='bbox 474 2978 579 3054; x_wconf 78' lang='lat' dir='ltr'>Quum</span> <span class='ocrx_word' id='word_1_159' title='bbox 605 2981 714 3043; x_wconf 90' lang='lat' dir='ltr'>tamen</span> <span class='ocrx_word' id='word_1_160' title='bbox 742 2977 915 3042; x_wconf 85' lang='lat' dir='ltr'>Frontonis</span> <span class='ocrx_word' id='word_1_161' title='bbox 948 2980 1103 3044; x_wconf 85' lang='lat' dir='ltr'>editiones</span> <span class='ocrx_word' id='word_1_162' title='bbox 1139 2980 1271 3044; x_wconf 88' lang='lat' dir='ltr'>minime</span> <span class='ocrx_word' id='word_1_163' title='bbox 1304 3002 1395 3044; x_wconf 87' lang='lat' dir='ltr'>rarae</span> 
     </span>
     <span class='ocr_line' id='line_1_22' title="bbox 240 3082 1396 3166; baseline 0 -22"><span class='ocrx_word' id='word_1_164' title='bbox 240 3083 329 3164; x_wconf 86' lang='lat' dir='ltr'>-sint,</span> <span class='ocrx_word' id='word_1_165' title='bbox 354 3082 499 3165; x_wconf 89' lang='lat' dir='ltr'>equidem</span> <span class='ocrx_word' id='word_1_166' title='bbox 521 3104 587 3144; x_wconf 90' lang='lat' dir='ltr'>non</span> <span class='ocrx_word' id='word_1_167' title='bbox 610 3103 740 3144; x_wconf 88' lang='lat' dir='ltr'>necesse</span> <span class='ocrx_word' id='word_1_168' title='bbox 762 3082 860 3144; x_wconf 89' lang='lat' dir='ltr'>habui</span> <span class='ocrx_word' id='word_1_169' title='bbox 883 3085 1027 3164; x_wconf 90' lang='lat' dir='ltr'>repetere</span> <span class='ocrx_word' id='word_1_170' title='bbox 1048 3084 1132 3166; x_wconf 90' lang='lat' dir='ltr'>quod</span> <span class='ocrx_word' id='word_1_171' title='bbox 1152 3083 1206 3145; x_wconf 83' lang='lat' dir='ltr'>vix</span> <span class='ocrx_word' id='word_1_172' title='bbox 1228 3084 1396 3166; x_wconf 87' lang='lat' dir='ltr'>quisquam</span> 
     </span>
     <span class='ocr_line' id='line_1_23' title="bbox 254 3183 795 3266; baseline 0.024 -22"><span class='ocrx_word' id='word_1_173' title='bbox 254 3183 350 3266; x_wconf 89' lang='lat' dir='ltr'>leget.</span> <span class='ocrx_word' id='word_1_174' title='bbox 481 3194 483 3198; x_wconf 80' lang='grc'>’</span> <span class='ocrx_word' id='word_1_175' title='bbox 789 3247 795 3257; x_wconf 75' lang='lat'>.</span> 
     </span>
    </p>

    <p class='ocr_par' dir='ltr' id='par_1_3' title="bbox 174 3283 1482 4387">
     <span class='ocr_line' id='line_1_24' title="bbox 261 3283 1394 3369; baseline 0 -21"><span class='ocrx_word' id='word_1_176' title='bbox 261 3327 263 3329; x_wconf 90' lang='lat'><em>-</em></span> <span class='ocrx_word' id='word_1_177' title='bbox 338 3283 434 3348; x_wconf 86' lang='lat' dir='ltr'>Nunc</span> <span class='ocrx_word' id='word_1_178' title='bbox 449 3285 619 3348; x_wconf 88' lang='lat' dir='ltr'>dicendum</span> <span class='ocrx_word' id='word_1_179' title='bbox 634 3287 683 3348; x_wconf 89' lang='lat' dir='ltr'>est</span> <span class='ocrx_word' id='word_1_180' title='bbox 698 3285 736 3347; x_wconf 90' lang='lat' dir='ltr'>de</span> <span class='ocrx_word' id='word_1_181' title='bbox 751 3284 925 3362; x_wconf 80' lang='lat' dir='ltr'>Frontonis</span> <span class='ocrx_word' id='word_1_182' title='bbox 942 3285 1091 3368; x_wconf 86' lang='lat' dir='ltr'>operibus</span> <span class='ocrx_word' id='word_1_183' title='bbox 1113 3308 1195 3368; x_wconf 89' lang='lat' dir='ltr'>quae</span> <span class='ocrx_word' id='word_1_184' title='bbox 1216 3286 1394 3369; x_wconf 86' lang='lat' dir='ltr'>perierunt.</span> 
     </span>
     <span class='ocr_line' id='line_1_25' title="bbox 174 3387 1396 3475; baseline 0 -25"><span class='ocrx_word' id='word_1_185' title='bbox 174 3470 177 3475; x_wconf 93' lang='lat'>.</span> <span class='ocrx_word' id='word_1_186' title='bbox 254 3387 304 3451; x_wconf 88' lang='lat' dir='ltr'>Ac</span> <span class='ocrx_word' id='word_1_187' title='bbox 326 3388 465 3470; x_wconf 87' lang='lat' dir='ltr'>primum</span> <span class='ocrx_word' id='word_1_188' title='bbox 486 3387 639 3449; x_wconf 90' lang='lat' dir='ltr'>maiorem</span> <span class='ocrx_word' id='word_1_189' title='bbox 660 3390 786 3469; x_wconf 87' lang='lat' dir='ltr'>partem</span> <span class='ocrx_word' id='word_1_190' title='bbox 807 3387 1009 3450; x_wconf 89' lang='lat' dir='ltr'>intercidisse</span> <span class='ocrx_word' id='word_1_191' title='bbox 1032 3391 1166 3470; x_wconf 90' lang='lat' dir='ltr'>apparet</span> <span class='ocrx_word' id='word_1_192' title='bbox 1188 3387 1396 3470; x_wconf 87' lang='lat' dir='ltr'>epistolarum</span> 
     </span>
     <span class='ocr_line' id='line_1_26' title="bbox 252 3487 1393 3572; baseline 0.001 -21"><span class='ocrx_word' id='word_1_193' title='bbox 252 3490 295 3552; x_wconf 85' lang='lat' dir='ltr'>ad</span> <span class='ocrx_word' id='word_1_194' title='bbox 315 3489 366 3552; x_wconf 87' lang='lat' dir='ltr'>M.</span> <span class='ocrx_word' id='word_1_195' title='bbox 390 3488 593 3551; x_wconf 89' lang='lat' dir='ltr'>Antoninum</span> <span class='ocrx_word' id='word_1_196' title='bbox 610 3488 701 3571; x_wconf 80' lang='lat' dir='ltr'>Imp.</span> <span class='ocrx_word' id='word_1_197' title='bbox 746 3488 891 3553; x_wconf 90' lang='lat' dir='ltr'>Primum</span> <span class='ocrx_word' id='word_1_198' title='bbox 919 3492 968 3553; x_wconf 89' lang='lat' dir='ltr'>est</span> <span class='ocrx_word' id='word_1_199' title='bbox 996 3487 1134 3553; x_wconf 90' lang='lat' dir='ltr'>Charisii</span> <span class='ocrx_word' id='word_1_200' title='bbox 1162 3490 1393 3572; x_wconf 88' lang='lat' dir='ltr'>testimonium,</span> 
     </span>
     <span class='ocr_line' id='line_1_27' title="bbox 254 3590 1482 3675; baseline 0.004 -22"><span class='ocrx_word' id='word_1_201' title='bbox 254 3591 308 3675; x_wconf 88' lang='lat' dir='ltr'>qui</span> <span class='ocrx_word' id='word_1_202' title='bbox 330 3591 477 3674; x_wconf 86' lang='lat' dir='ltr'>quintum</span> <span class='ocrx_word' id='word_1_203' title='bbox 499 3590 616 3653; x_wconf 89' lang='lat' dir='ltr'>librum</span> <span class='ocrx_word' id='word_1_204' title='bbox 638 3590 796 3674; x_wconf 73' lang='lat' dir='ltr'>laudavit,</span> <span class='ocrx_word' id='word_1_205' title='bbox 819 3592 1015 3675; x_wconf 87' lang='lat' dir='ltr'>fragmenta,</span> <span class='ocrx_word' id='word_1_206' title='bbox 1039 3613 1120 3674; x_wconf 90' lang='lat' dir='ltr'>quae</span> <span class='ocrx_word' id='word_1_207' title='bbox 1144 3592 1228 3675; x_wconf 89' lang='lat' dir='ltr'>apud</span> <span class='ocrx_word' id='word_1_208' title='bbox 1250 3614 1324 3655; x_wconf 88' lang='lat' dir='ltr'>eum</span> <span class='ocrx_word' id='word_1_209' title='bbox 1345 3614 1395 3654; x_wconf 92' lang='lat' dir='ltr'>su·</span> <span class='ocrx_word' id='word_1_210' title='bbox 1475 3652 1482 3658; x_wconf 80' lang='grc'><em>.</em></span> 
     </span>
     <span class='ocr_line' id='line_1_28' title="bbox 253 3691 1395 3778; baseline 0 -23"><span class='ocrx_word' id='word_1_211' title='bbox 253 3695 402 3776; x_wconf 81' lang='lat' dir='ltr'>pereunt,</span> <span class='ocrx_word' id='word_1_212' title='bbox 435 3691 590 3755; x_wconf 88' lang='lat' dir='ltr'>collocata</span> <span class='ocrx_word' id='word_1_213' title='bbox 610 3692 744 3756; x_wconf 85' lang='lat' dir='ltr'>fuerunt</span> <span class='ocrx_word' id='word_1_214' title='bbox 766 3694 801 3757; x_wconf 89' lang='lat' dir='ltr'>in</span> <span class='ocrx_word' id='word_1_215' title='bbox 823 3693 927 3756; x_wconf 88' lang='lat' dir='ltr'>medio</span> <span class='ocrx_word' id='word_1_216' title='bbox 951 3695 1068 3757; x_wconf 79' lang='lat' dir='ltr'>codice.</span> <span class='ocrx_word' id='word_1_217' title='bbox 1113 3693 1246 3757; x_wconf 81' lang='lat' dir='ltr'>Illorum</span> <span class='ocrx_word' id='word_1_218' title='bbox 1268 3697 1395 3778; x_wconf 87' lang='lat' dir='ltr'>quater-</span> 
     </span>
     <span class='ocr_line' id='line_1_29' title="bbox 253 3794 1395 3878; baseline 0.001 -21"><span class='ocrx_word' id='word_1_219' title='bbox 253 3795 386 3858; x_wconf 91' lang='lat' dir='ltr'>nionum</span> <span class='ocrx_word' id='word_1_220' title='bbox 409 3797 526 3875; x_wconf 91' lang='lat' dir='ltr'>autem,</span> <span class='ocrx_word' id='word_1_221' title='bbox 551 3794 634 3877; x_wconf 91' lang='lat' dir='ltr'>quod</span> <span class='ocrx_word' id='word_1_222' title='bbox 656 3815 753 3877; x_wconf 89' lang='lat' dir='ltr'>supra</span> <span class='ocrx_word' id='word_1_223' title='bbox 776 3794 851 3876; x_wconf 83' lang='lat' dir='ltr'>dixi,</span> <span class='ocrx_word' id='word_1_224' title='bbox 875 3817 996 3877; x_wconf 89' lang='lat' dir='ltr'>paucae</span> <span class='ocrx_word' id='word_1_225' title='bbox 1018 3798 1146 3857; x_wconf 92' lang='lat' dir='ltr'>tantum</span> <span class='ocrx_word' id='word_1_226' title='bbox 1168 3796 1308 3878; x_wconf 87' lang='lat' dir='ltr'>paginae</span> <span class='ocrx_word' id='word_1_227' title='bbox 1331 3818 1395 3858; x_wconf 88' lang='lat' dir='ltr'>ser-</span> 
     </span>
     <span class='ocr_line' id='line_1_30' title="bbox 253 3895 1395 3978; baseline 0.001 -19"><span class='ocrx_word' id='word_1_228' title='bbox 253 3899 346 3959; x_wconf 87' lang='lat' dir='ltr'>vatae</span> <span class='ocrx_word' id='word_1_229' title='bbox 374 3898 464 3977; x_wconf 80' lang='lat' dir='ltr'>sunt3</span> <span class='ocrx_word' id='word_1_230' title='bbox 498 3898 622 3959; x_wconf 88' lang='lat' dir='ltr'>ceterae</span> <span class='ocrx_word' id='word_1_231' title='bbox 648 3896 786 3958; x_wconf 81' lang='lat' dir='ltr'>fortasse</span> <span class='ocrx_word' id='word_1_232' title='bbox 814 3895 985 3978; x_wconf 90' lang='lat' dir='ltr'>aliquando</span> <span class='ocrx_word' id='word_1_233' title='bbox 1011 3896 1104 3958; x_wconf 86' lang='lat' dir='ltr'>nobis</span> <span class='ocrx_word' id='word_1_234' title='bbox 1126 3896 1300 3960; x_wconf 87' lang='lat' dir='ltr'>reddentur</span> <span class='ocrx_word' id='word_1_235' title='bbox 1323 3919 1395 3960; x_wconf 90' lang='lat' dir='ltr'>cum</span> 
     </span>
     <span class='ocr_line' id='line_1_31' title="bbox 252 3996 1394 4080; baseline 0.004 -22"><span class='ocrx_word' id='word_1_236' title='bbox 252 3997 348 4059; x_wconf 86' lang='lat' dir='ltr'>tertio</span> <span class='ocrx_word' id='word_1_237' title='bbox 372 3996 506 4060; x_wconf 89' lang='lat' dir='ltr'>Concilii</span> <span class='ocrx_word' id='word_1_238' title='bbox 521 3997 692 4079; x_wconf 85' lang='lat' dir='ltr'>volumine,</span> <span class='ocrx_word' id='word_1_239' title='bbox 717 3998 800 4080; x_wconf 91' lang='lat' dir='ltr'>quod</span> <span class='ocrx_word' id='word_1_240' title='bbox 814 3997 883 4060; x_wconf 86' lang='lat' dir='ltr'>fere</span> <span class='ocrx_word' id='word_1_241' title='bbox 898 4000 1002 4060; x_wconf 87' lang='lat' dir='ltr'>totum</span> <span class='ocrx_word' id='word_1_242' title='bbox 1018 3999 1180 4061; x_wconf 88' lang='lat' dir='ltr'>constabit</span> <span class='ocrx_word' id='word_1_243' title='bbox 1194 3998 1280 4061; x_wconf 88' lang='lat' dir='ltr'>foliis</span> <span class='ocrx_word' id='word_1_244' title='bbox 1295 3998 1394 4062; x_wconf 89' lang='lat' dir='ltr'>Fron-</span> 
     </span>
     <span class='ocr_line' id='line_1_32' title="bbox 252 4098 1395 4183; baseline 0.004 -23"><span class='ocrx_word' id='word_1_245' title='bbox 252 4098 409 4181; x_wconf 81' lang='grc'><strong>1011111111,</strong></span> <span class='ocrx_word' id='word_1_246' title='bbox 443 4121 520 4162; x_wconf 89' lang='lat' dir='ltr'>nam</span> <span class='ocrx_word' id='word_1_247' title='bbox 548 4120 720 4183; x_wconf 87' lang='lat' dir='ltr'>progressu</span> <span class='ocrx_word' id='word_1_248' title='bbox 747 4100 851 4182; x_wconf 85' lang='lat' dir='ltr'>operis</span> <span class='ocrx_word' id='word_1_249' title='bbox 880 4122 1005 4182; x_wconf 91' lang='lat' dir='ltr'>semper</span> <span class='ocrx_word' id='word_1_250' title='bbox 1032 4100 1122 4178; x_wconf 89' lang='lat' dir='ltr'>illinc</span> <span class='ocrx_word' id='word_1_251' title='bbox 1149 4100 1243 4183; x_wconf 89' lang='lat' dir='ltr'>plura</span> <span class='ocrx_word' id='word_1_252' title='bbox 1271 4103 1395 4165; x_wconf 88' lang='lat' dir='ltr'>desum-</span> 
     </span>
     <span class='ocr_line' id='line_1_33' title="bbox 255 4202 418 4281; baseline 0.006 -19"><span class='ocrx_word' id='word_1_253' title='bbox 255 4202 311 4281; x_wconf 86' lang='lat' dir='ltr'>pta</span> <span class='ocrx_word' id='word_1_254' title='bbox 333 4203 418 4263; x_wconf 92' lang='lat' dir='ltr'>sunt.</span> 
     </span>
     <span class='ocr_line' id='line_1_34' title="bbox 238 4295 1393 4387; baseline 0.003 -23"><span class='ocrx_word' id='word_1_255' title='bbox 238 4346 240 4349; x_wconf 54' lang='lat'>&gt;</span> <span class='ocrx_word' id='word_1_256' title='bbox 338 4301 522 4385; x_wconf 77' lang='lat' dir='ltr'>Sequuntur</span> <span class='ocrx_word' id='word_1_257' title='bbox 549 4295 710 4367; x_wconf 88' lang='lat' dir='ltr'>orationes</span> <span class='ocrx_word' id='word_1_258' title='bbox 738 4326 873 4386; x_wconf 89' lang='lat' dir='ltr'>quarum</span> <span class='ocrx_word' id='word_1_259' title='bbox 901 4304 1055 4367; x_wconf 84' lang='lat' dir='ltr'>memoria</span> <span class='ocrx_word' id='word_1_260' title='bbox 1076 4305 1250 4367; x_wconf 88' lang='lat' dir='ltr'>instaurari</span> <span class='ocrx_word' id='word_1_261' title='bbox 1272 4306 1393 4387; x_wconf 88' lang='lat' dir='ltr'>potuit:</span> 
     </span>
    </p>

    <p class='ocr_par' dir='ltr' id='par_1_4' title="bbox 254 4403 1391 4588">
     <span class='ocr_line' id='line_1_35' title="bbox 339 4403 1391 4489; baseline 0.004 -25"><span class='ocrx_word' id='word_1_262' title='bbox 339 4405 367 4465; x_wconf 88' lang='lat'>1.</span> <span class='ocrx_word' id='word_1_263' title='bbox 413 4403 583 4467; x_wconf 90' lang='lat' dir='ltr'>Orationes</span> <span class='ocrx_word' id='word_1_264' title='bbox 605 4406 820 4489; x_wconf 88' lang='lat' dir='ltr'>panegyricae</span> <span class='ocrx_word' id='word_1_265' title='bbox 845 4406 1022 4488; x_wconf 89' lang='lat' dir='ltr'>complures</span> <span class='ocrx_word' id='word_1_266' title='bbox 1038 4407 1079 4469; x_wconf 87' lang='lat' dir='ltr'>ad</span> <span class='ocrx_word' id='word_1_267' title='bbox 1093 4405 1294 4471; x_wconf 89' lang='lat' dir='ltr'>Hadrianum</span> <span class='ocrx_word' id='word_1_268' title='bbox 1310 4407 1391 4489; x_wconf 87' lang='lat' dir='ltr'>Imp.</span> 
     </span>
     <span class='ocr_line' id='line_1_36' title="bbox 254 4503 668 4588; baseline 0.005 -21"><span class='ocrx_word' id='word_1_269' title='bbox 254 4503 303 4567; x_wconf 89' lang='lat' dir='ltr'>Cf.</span> <span class='ocrx_word' id='word_1_270' title='bbox 328 4504 368 4566; x_wconf 93' lang='lat' dir='ltr'>ad</span> <span class='ocrx_word' id='word_1_271' title='bbox 390 4504 434 4566; x_wconf 83' lang='lat' dir='ltr'>M.</span> <span class='ocrx_word' id='word_1_272' title='bbox 459 4505 548 4568; x_wconf 89' lang='lat' dir='ltr'>Caes.</span> <span class='ocrx_word' id='word_1_273' title='bbox 571 4506 614 4588; x_wconf 89' lang='lat' dir='ltr'>H,</span> <span class='ocrx_word' id='word_1_274' title='bbox 641 4508 668 4569; x_wconf 88' lang='lat'>1.</span> 
     </span>
    </p>

    <p class='ocr_par' dir='ltr' id='par_1_5' title="bbox 254 4605 1393 4793">
     <span class='ocr_line' id='line_1_37' title="bbox 337 4605 1391 4692; baseline 0.006 -24"><span class='ocrx_word' id='word_1_275' title='bbox 337 4606 367 4668; x_wconf 78' lang='lat'>2.</span> <span class='ocrx_word' id='word_1_276' title='bbox 413 4605 583 4670; x_wconf 87' lang='lat' dir='ltr'>Orationes</span> <span class='ocrx_word' id='word_1_277' title='bbox 606 4608 684 4670; x_wconf 89' lang='lat' dir='ltr'>item</span> <span class='ocrx_word' id='word_1_278' title='bbox 706 4610 922 4692; x_wconf 89' lang='lat' dir='ltr'>panegyricae</span> <span class='ocrx_word' id='word_1_279' title='bbox 944 4609 1122 4692; x_wconf 86' lang='lat' dir='ltr'>complures</span> <span class='ocrx_word' id='word_1_280' title='bbox 1145 4609 1185 4671; x_wconf 90' lang='lat' dir='ltr'>ad</span> <span class='ocrx_word' id='word_1_281' title='bbox 1207 4609 1310 4672; x_wconf 91' lang='lat' dir='ltr'>Pium.</span> <span class='ocrx_word' id='word_1_282' title='bbox 1342 4609 1391 4674; x_wconf 87' lang='lat' dir='ltr'>Cf.</span> 
     </span>
     <span class='ocr_line' id='line_1_38' title="bbox 254 4707 1393 4793; baseline 0.005 -24"><span class='ocrx_word' id='word_1_283' title='bbox 254 4707 293 4769; x_wconf 92' lang='lat' dir='ltr'>ad</span> <span class='ocrx_word' id='word_1_284' title='bbox 316 4707 439 4770; x_wconf 81' lang='lat' dir='ltr'>Anton.</span> <span class='ocrx_word' id='word_1_285' title='bbox 463 4707 556 4771; x_wconf 90' lang='lat' dir='ltr'>Pium</span> <span class='ocrx_word' id='word_1_286' title='bbox 579 4710 608 4772; x_wconf 75' lang='lat'>2.</span> <span class='ocrx_word' id='word_1_287' title='bbox 653 4710 692 4772; x_wconf 92' lang='lat' dir='ltr'>In</span> <span class='ocrx_word' id='word_1_288' title='bbox 715 4709 764 4772; x_wconf 89' lang='lat' dir='ltr'>his</span> <span class='ocrx_word' id='word_1_289' title='bbox 788 4732 825 4773; x_wconf 88' lang='lat' dir='ltr'>ea</span> <span class='ocrx_word' id='word_1_290' title='bbox 846 4710 926 4792; x_wconf 87' lang='lat' dir='ltr'>fuit,</span> <span class='ocrx_word' id='word_1_291' title='bbox 955 4732 1018 4793; x_wconf 90' lang='lat' dir='ltr'>qua</span> <span class='ocrx_word' id='word_1_292' title='bbox 1039 4711 1212 4787; x_wconf 82' lang='lat' dir='ltr'>victoriam</span> <span class='ocrx_word' id='word_1_293' title='bbox 1228 4710 1393 4775; x_wconf 88' lang='lat' dir='ltr'>Britanni-</span> 
     </span>
    </p>
   </div>
   <div class='ocr_carea' id='block_1_3' title="bbox 254 4808 1516 4894">
    <p class='ocr_par' dir='ltr' id='par_1_6' title="bbox 254 4808 1516 4894">
     <span class='ocr_line' id='line_1_39' title="bbox 254 4808 1516 4894; baseline 0.006 -24"><span class='ocrx_word' id='word_1_294' title='bbox 254 4830 324 4870; x_wconf 87' lang='lat' dir='ltr'>cam</span> <span class='ocrx_word' id='word_1_295' title='bbox 346 4808 527 4892; x_wconf 86' lang='lat' dir='ltr'>gratulatus</span> <span class='ocrx_word' id='word_1_296' title='bbox 550 4814 599 4874; x_wconf 87' lang='lat' dir='ltr'>est</span> <span class='ocrx_word' id='word_1_297' title='bbox 620 4811 755 4894; x_wconf 83' lang='lat' dir='ltr'>Fronte,</span> <span class='ocrx_word' id='word_1_298' title='bbox 784 4815 867 4875; x_wconf 88' lang='lat' dir='ltr'>teste</span> <span class='ocrx_word' id='word_1_299' title='bbox 889 4811 1062 4893; x_wconf 80' lang='lat' dir='ltr'>EumeniO,</span> <span class='ocrx_word' id='word_1_300' title='bbox 1091 4813 1187 4875; x_wconf 88' lang='lat' dir='ltr'>tertio</span> <span class='ocrx_word' id='word_1_301' title='bbox 1209 4816 1247 4875; x_wconf 90' lang='lat' dir='ltr'>ut</span> <span class='ocrx_word' id='word_1_302' title='bbox 1267 4814 1393 4877; x_wconf 82' lang='lat' dir='ltr'>videtur</span> <span class='ocrx_word' id='word_1_303' title='bbox 1513 4882 1516 4889; x_wconf 24' lang='lat'><strong>⁴</strong></span> 
     </span>
    </p>
   </div>
   <div class='ocr_carea' id='block_1_4' title="bbox 252 4907 1392 4997">
    <p class='ocr_par' dir='ltr' id='par_1_7' title="bbox 252 4907 1392 4997">
     <span class='ocr_line' id='line_1_40' title="bbox 252 4907 1392 4997; baseline 0.005 -26"><span class='ocrx_word' id='word_1_304' title='bbox 252 4907 303 4972; x_wconf 88' lang='lat' dir='ltr'>Pii</span> <span class='ocrx_word' id='word_1_305' title='bbox 325 4910 515 4993; x_wconf 85' lang='lat' dir='ltr'>imperantis</span> <span class='ocrx_word' id='word_1_306' title='bbox 537 4934 637 4995; x_wconf 82' lang='lat' dir='ltr'>ann03</span> <span class='ocrx_word' id='word_1_307' title='bbox 664 4916 734 4976; x_wconf 87' lang='lat' dir='ltr'>turn</span> <span class='ocrx_word' id='word_1_308' title='bbox 761 4913 833 4997; x_wconf 88' lang='lat' dir='ltr'>illa,</span> <span class='ocrx_word' id='word_1_309' title='bbox 862 4935 958 4996; x_wconf 90' lang='lat' dir='ltr'>quam</span> <span class='ocrx_word' id='word_1_310' title='bbox 985 4913 1067 4976; x_wconf 85' lang='lat' dir='ltr'>dixit</span> <span class='ocrx_word' id='word_1_311' title='bbox 1090 4913 1201 4977; x_wconf 84' lang='lat' dir='ltr'>consul</span> <span class='ocrx_word' id='word_1_312' title='bbox 1229 4918 1319 4977; x_wconf 86' lang='lat' dir='ltr'>sexto</span> <span class='ocrx_word' id='word_1_313' title='bbox 1341 4914 1392 4977; x_wconf 88' lang='lat' dir='ltr'>Pii</span> 
     </span>
    </p>
   </div>
   <div class='ocr_carea' id='block_1_5' title="bbox 0 0 1654 6050">
    <p class='ocr_par' dir='ltr' id='par_1_8' title="bbox 0 0 1654 6050">
     <span class='ocr_line' id='line_1_41' title="bbox 0 0 1654 6050; baseline 0 1"><span class='ocrx_word' id='word_1_314' title='bbox 0 0 1654 6050; x_wconf 95' lang='lat' dir='ltr'> </span> 
     </span>
    </p>
   </div>
  </div>
 </body>
</html>
