3300 6050
576 879 760 933 PRINCIPIA
777 877 980 932 HISTORIAE.
1288 877 1351 940 203

208 1073 278 1114 rum
300 1051 445 1134 profecto
467 1050 628 1114 uberrima
656 1049 790 1132 ingenia
815 1049 935 1112 frustra
963 1048 1111 1129 fuissent,
1141 1047 1204 1110 nisi
1226 1047 1350 1130 magni-

208 1152 277 1216 ficis
299 1174 333 1215 se
355 1152 449 1216 rebus
472 1151 648 1214 scribendis
671 1152 898 1232 occupassent:
921 1150 1060 1232 itemque
1075 1149 1139 1212 nisi
1153 1171 1211 1231 pro
1227 1149 1351 1232 magni·

208 1253 319 1317 tudine
349 1275 454 1316 rerum
483 1255 645 1337 gestarum
674 1251 866 1315 scribtorum
894 1273 1019 1335 quoque
1041 1251 1174 1335 ingenia
1199 1272 1351 1334 congrue-

209 1358 306 1418 renta
335 1401 1052 1418 ......................
1064 1353 1087 1435 l¹
1122 1351 1254 1415 Herculi
1284 1373 1352 1414 eru-

209 1479 303 1519 mnae
328 1455 466 1519 celebres
496 1456 522 1518 si
551 1453 628 1541 [non
656 1455 704 1538 re]
728 1454 835 1537 etiam,
865 1453 1053 1535 disciplinae
1078 1503 1218 1516 .....
1242 1453 1352 1516 Enim-

210 1579 284 1620 vero
305 1557 396 1620 fandi
419 1557 598 1641 agendique
613 1555 759 1619 laudibus
781 1556 878 1639 longe
893 1555 1188 1637 praestantissimus
1210 1555 1352 1618 omnium

212 1657 290 1722 Cato
319 1658 450 1722 Porcius
476 1707 681 1721 .......
683 1677 688 1682 ·
711 1658 746 1720 in
773 1656 905 1721 navium
930 1708 935 1719 .
962 1656 990 1718 .²
1012 1656 1088 1718 deus
1112 1656 1143 1719 al
1168 1705 1175 1718 .
1202 1705 1208 1718 .
1235 1707 1241 1718 .
1267 1655 1296 1717 .³
1318 1657 1353 1719 in

212 1809 218 1821 .
245 1760 273 1822 ‚⁴
300 1761 353 1822 tur
380 1758 491 1822 tuendi
520 1760 587 1821 eius
617 1780 692 1842 ergo
721 1758 959 1831 denominatus:
988 1757 1034 1820 ita
1062 1757 1141 1821 Cato
1176 1756 1354 1840 oppidatim

210 1860 324 1923 statuis
347 1860 518 1942 ornandus,
543 1860 597 1943 qui
619 1860 756 1942 primam
775 1859 869 1921 latini
891 1860 1031 1922 nominis
1054 1859 1195 1922 subolem
1219 1858 1353 1922 0111011-

211 1984 319 2025 carum
342 1961 504 2045 originum
525 1961 679 2045 puerities
700 1961 887 2024 inlustravit
911 2009 1351 2024 ..............

212 2111 453 2127 ........
465 2063 489 2145 15
514 2113 520 2125 .
546 2114 552 2126 .
579 2113 586 2126 .
610 2061 775 2136 Quantum
797 2084 815 2125 a
838 2062 1007 2144 stipendiis
1022 2063 1084 2125 ocii
1099 2061 1220 2144 datum,
1244 2061 1280 2123 in
1302 2084 1353 2124 ve-

210 2165 318 2227 nando
341 2165 535 2246 occupatur⁶
559 2213 565 2227 .
593 2213 599 2226 .
626 2213 632 2225 .
659 2213 666 2226 .
693 2213 698 2226 .
725 2214 731 2226 .
758 2213 764 2226 .
791 2213 798 2226 .
824 2214 831 2226 .
858 2213 865 2238 ,
891 2163 932 2247 ,17
957 2215 962 2226 .
991 2212 998 2226 .
1024 2213 1030 2226 .
1054 2163 1229 2246 Imperium
1243 2163 1353 2246 populi

209 2264 348 2329 Romani
371 2266 411 2328 ad
433 2263 564 2327 fiumina
587 2263 717 2327 hostilia
739 2264 941 2348 porrectum8
966 2315 1023 2327 ...
1048 2265 1196 2348 principa
1221 2315 1226 2328 .
1251 2315 1257 2327 .
1283 2286 1354 2327 cum

209 2367 299 2448 pueri
330 2418 336 2430 .
363 2418 368 2430 .
399 2369 432 2429 et
464 2365 563 2428 11111119
597 2416 603 2428 .
631 2416 637 2428 .
664 2417 669 2428 .
697 2415 702 2428 .
738 2365 888 2430 Liberum
918 2367 1039 2429 amanti
1073 2369 1122 2429 est
1156 2364 1355 2447 inculpatum

210 2467 382 2530 silentium.
428 2466 574 2552 Namque
598 2468 695 2531 ceteri
717 2467 868 2531 mortales
883 2467 1045 2551 praesenti
1068 2467 1119 2530 die
1137 2466 1354 2549 mentiuntur3

210 2554 402 2633 scribtorum
434 2569 603 2633 mendacia
636 2572 704 2632 tarn
733 2569 860 2653 culpam
887 2591 983 2653 quam
1015 2569 1202 2632 memoriam
1229 2572 1355 2632 merent

210 2670 439 2754 sempiternam
865 2745 868 2752 ¹
1237 2749 1239 2755 ,

211 2773 409 2836 comminisci
439 2823 445 2836 .
472 2824 478 2834 .
508 2795 628 2856 parem.
674 2772 759 2836 Nam
789 2825 795 2836 .
822 2824 829 2836 .
859 2781 1021 2857 praesenti
1052 2772 1103 2836 die
1131 2772 1281 2835 minuunt
1312 2820 1319 2835 .
1346 2822 1352 2834 .

210 2874 307 2937 immo
335 2894 401 2936 non
430 2878 509 2937 est.
536 2925 542 2937 .
567 2896 648 2959 gens
672 2925 678 2938 .
705 2926 710 2937 .
736 2878 858 2938 certum
881 2878 929 2939 est
953 2926 959 2937 .
985 2927 991 2938 .
1017 2926 1024 2939 .
1047 2875 1149 2938 fratre
1180 2924 1351 2937 ......

213 3025 219 3038 .
246 3025 252 3038 .
279 2974 332 3058 .l¹¹
360 3025 367 3040 .
393 3026 399 3039 .
426 3027 433 3040 .
459 3026 465 3040 .
495 2975 705 3040 Macedonum
734 2977 843 3059 opes¹²
871 2977 1023 3040 torrentis
1051 2977 1145 3041 modo
1174 2997 1294 3060 magna
1322 2976 1355 3040 vi

295 3228 312 3264 a
330 3216 364 3265 In
372 3212 660 3280 marginefflomerum
669 3211 743 3265 dicit.
760 3212 917 3280 Xenophon
926 3211 971 3265 hio
980 3212 1031 3265 sub
1042 3211 1113 3280 Cyro
1123 3212 1263 3281 stipendia
1272 3213 1344 3267 fecit.
1435 3243 1437 3248 ·

295 3295 313 3348 b
331 3301 365 3349 In
382 3302 509 3366 margine:
528 3296 602 3350 Ordo
620 3312 770 3364 regnorum
788 3297 854 3350 ante
870 3296 997 3350 Romam.
1018 3307 1081 3349 tuni:
1099 3295 1214 3350 humani
1233 3340 1238 3350 .
1259 3341 1264 3349 .
1285 3317 1303 3351 n
1322 3340 1327 3351 .
1371 3303 1378 3316 ⁸

212 3381 497 3437 ...se...tutei.

298 3573 309 3619 1
330 3566 461 3634 Sequitur
480 3566 545 3621 Cod.
565 3587 592 3637 p.
612 3574 673 3633 2653
694 3570 844 3637 supersunt
862 3570 920 3621 tres
939 3567 1093 3622 sententiae
1110 3568 1139 3621 in
1157 3568 1291 3636 margine.

295 3658 310 3703 2
329 3651 475 3705 Perierunt
493 3652 614 3720 quinque
632 3652 752 3709 litterae.

296 3742 311 3787 3
330 3736 402 3789 Item
419 3738 551 3805 quattuor
568 3737 688 3791 litterae.

295 3824 312 3871 4
329 3819 401 3873 Item
419 3820 490 3875 duae
508 3821 630 3876 litterae.

296 3909 311 3956 5
330 3902 460 3971 Sequitur
478 3907 509 3958 ut
526 3906 636 3960 videtur
650 3926 677 3976 p.
692 3911 749 3971 268,
768 3907 796 3958 in
816 3924 871 3973 qua
888 3923 1030 3975 perpauca
1048 3906 1106 3975 legi
1123 3908 1248 3975 possunt,
1268 3925 1355 3975 eaque

211 3986 240 4038 in
258 3987 384 4055 margine
403 4005 456 4042 seo.
477 3981 594 4045 column.
613 3990 660 4044 inf.

296 4078 311 4124 6
329 4071 418 4125 Maius
436 4072 506 4141 legit
524 4085 668 4143 oecrcpatus.

298 4162 312 4208 7
332 4155 490 4224 Sequuntur
503 4157 569 4212 Cod.
582 4176 668 4228 pagg.
684 4165 740 4225 267,
754 4166 811 4227 270,
825 4167 884 4227 269,
897 4161 925 4212 in
939 4161 1039 4227 quibus
1050 4178 1165 4231 prorsus
1179 4161 1248 4215 nihil
1261 4161 1356 4216 distin·

213 4238 315 4306 guitur.
352 4239 482 4308 Sequitur
499 4261 526 4311 p
545 4250 609 4310 272,
635 4260 706 4310 quae
725 4244 847 4313 exceptis
866 4243 1033 4311 quibusdam
1049 4245 1079 4299 in
1095 4246 1222 4315 margine
1240 4246 1354 4301 interiit.

298 4331 313 4378 8
330 4323 472 4379 Victoriae
491 4325 597 4379 seilicet
613 4327 760 4381 Parthicae
779 4329 885 4382 fructus
903 4328 956 4382 fuit
978 4331 1046 4398 fuga
1062 4328 1195 4398 Vologesi
1213 4330 1287 4383 ultra
1303 4331 1355 4383 Eu-

212 4409 342 4477 phratem
361 4411 390 4461 et
407 4408 527 4477 Tigrim,
555 4410 722 4465 observante
745 4412 898 4466 Iamblicho
922 4413 999 4482 apud¹
1019 4414 1149 4467 Photium
1173 4414 1238 4467 Ood.
1258 4420 1291 4467 94
1308 4416 1353 4467 fin.

213 4498 306 4547 Maius.

298 4584 313 4631 9
331 4578 407 4632 Haec
426 4578 546 4646 quinque
564 4580 650 4633 verba
669 4582 818 4648 supersunt
836 4597 851 4634 e
869 4582 948 4635 textu
965 4582 1035 4650 ipso.

282 4669 314 4716 10
332 4661 462 4730 Sequitur
480 4680 506 4730 p.
527 4668 584 4728 271,
604 4662 679 4715 cuius
697 4663 868 4732 paucissima
884 4665 941 4733 legi
959 4668 1083 4734 possunt.

283 4752 312 4799 11
332 4745 462 4813 Sequitur
481 4746 546 4801 Cod.
565 4765 592 4814 p.
613 4753 671 4813 262,
691 4748 766 4801 ouius
785 4752 934 4817 supersunt
958 4751 1096 4817 quaedam
1114 4752 1309 4807 adnotationes
1326 4754 1355 4805 in

214 4847 348 4899 margme.

284 4921 314 4967 12
332 4916 376 4969 Ita
395 4916 496 4983 Codex,
515 4918 547 4968 ut
566 4917 722 4970 coniecerat
739 4917 915 4973 Niebuhrius.
