3300 6050
601 846 650 901 AD
668 846 891 901 ANTONINUM
908 846 1005 901 PlUM.
1313 850 1372 913 171

230 1019 316 1082 iuter
338 1018 416 1081 duos
439 1018 539 1081 bonos
555 1018 639 1080 viros
653 1017 803 1080 nonnihil
818 1021 928 1081 tamen
951 1018 1084 1081 distare:
1107 1019 1190 1101 quod
1205 1021 1374 1101 propterea

189 1108 191 1112 ⁸
231 1119 358 1184 facilius
375 1120 457 1202 dice,
481 1120 633 1203 quoniam
648 1118 749 1201 illum,
775 1119 826 1183 cui
843 1120 980 1183 amicum
991 1141 1097 1183 meum
1113 1123 1284 1205 antepono,
1308 1143 1374 1183 non

231 1221 405 1285 nominavi.

316 1323 481 1386 Postremo
504 1321 619 1404 dicam,
644 1322 801 1405 quomodo
824 1321 1014 1405 simplicitas
1036 1345 1107 1386 mea
1130 1326 1163 1386 et
1183 1323 1301 1387 veritas
1323 1345 1374 1386 me

232 1426 336 1489 dicere
359 1424 548 1488 hortantur1
571 1427 603 1487 et
625 1424 742 1488 fiducia
765 1425 882 1486 amoris
906 1444 983 1507 erga
1004 1427 1037 1487 te
1060 1427 1133 1506 mei,
1157 1424 1301 1507 profecto
1325 1447 1374 1488 ae-

232 1528 324 1611 quius
348 1547 416 1588 esse
438 1525 529 1588 illum
551 1547 676 1609 quoque
697 1526 829 1609 propter
851 1546 902 1587 me
924 1524 1107 1608 impetrare.

316 1627 621 1710 Mementooetianm
655 1627 792 1690 Domine
820 1627 914 1709 Imp,
950 1649 1021 1690 cum
1049 1626 1103 1689 ille
1131 1648 1201 1690 meo
1231 1627 1375 1710 exemplo

233 1732 337 1814 petet,
365 1751 416 1792 me
438 1729 568 1792 biennio
590 1727 651 1792 hoc
673 1729 802 1813 petisse.
847 1728 954 1813 Igitur
976 1728 1024 1790 illi
1047 1750 1182 1812 quoque,
1207 1727 1233 1790 si
1256 1728 1375 1791 videbi-

233 1835 296 1913 tur,
320 1824 393 1914 post
415 1830 581 1894 biennium
602 1831 687 1893 dato.

317 1930 442 1994 Fecerit
465 1932 609 2015 exemplo
630 1935 756 2014 nostro,
786 1933 813 1994 si
840 1932 909 2015 ipse
937 1952 1060 2016 quoque
1088 1953 1121 1994 se
1143 1931 1202 1994 tibi
1225 1931 1375 2015 impetra-

234 2033 314 2096 verit
340 2054 490 2096 excusare
498 2033 521 2096 ².

321 2261 334 2306 1
356 2252 460 2307 Codex:
479 2259 598 2306 hortatur
616 2253 644 2306 et
661 2253 779 2306 fortasse
797 2254 923 2306 lorrdtur.

259 2353 265 2367 “
318 2347 333 2392 ‘2
353 2338 511 2407 Sequuntur
523 2345 579 2391 tres
591 2341 749 2406 postremae
762 2337 906 2406 epistolae,
925 2355 995 2404 quas
1008 2337 1125 2392 vidimus
1137 2337 1166 2389 in
1175 2336 1276 2391 Indice.
1300 2336 1376 2401 Quae

235 2443 296 2479 cum
315 2423 400 2478 etiam
417 2423 547 2491 legantur
564 2421 593 2474 in
609 2422 682 2476 libro
701 2408 877 2475 secundo'ad
894 2421 1013 2487 Amicos
1030 2421 1095 2475 illuc
1113 2439 1176 2474 cum
1191 2421 1267 2475 Maio
1286 2421 1376 2485 retuli,
1443 2441 1446 2487 2
1483 2421 1504 2491 '¹

235 2509 300 2578 quia
321 2525 377 2561 non
399 2507 481 2561 datae
508 2507 572 2560 sunt
594 2507 630 2561 ad
653 2506 834 2560 Antoninum'
845 2505 933 2559 Pium.
970 2505 1013 2558 lbi
1029 2505 1116 2574 igitur
1134 2505 1269 2574 adscripsi
1286 2505 1377 2559 varias
1399 2544 1402 2553 ,

234 2593 379 2658 lectiones,
408 2609 476 2660 quas
498 2590 621 2645 invenire
643 2590 736 2660 potuit
759 2607 837 2645 mcus
860 2590 978 2656 amicus,
1004 2609 1070 2646 nam
1092 2592 1235 2660 postrema
1258 2589 1377 2659 epistola

234 2693 346 2748 prorsus
369 2676 475 2730 interiit
498 2677 526 2730 et
543 2675 665 2730 maxima
682 2693 748 2745 pars
764 2675 936 2745 penultimae
955 2675 1096 2744 epistolae.
1133 2676 1165 2729 ln
1187 2676 1312 2729 extrema
1328 2692 1377 2744 pa·
1460 2748 1462 2752 Ι

236 2763 303 2832 gina
321 2768 378 2828 340,
397 2779 481 2830 quam
499 2762 582 2827 modo
601 2760 742 2830 descripsi,
760 2761 892 2829 leguntur
909 2759 1001 2829 prima
1020 2760 1105 2814 verba
1123 2761 1258 2830 epistolae
1270 2765 1376 2828 Lepam,

232 2853 284 2915 fili:
303 2846 454 2913 sequuntur
471 2847 592 2914 paginae
610 2852 660 2900 339
678 2847 707 2900 et
718 2853 776 2913 338,
795 2863 867 2913 quae
885 2861 999 2914 prorsus
1018 2861 1162 2912 evanuere,
1180 2846 1377 2914 praeterquam

237 2931 311 2998 quod
327 2929 357 2984 in
375 2931 464 2985 altera
482 2931 609 2984 columna
626 2949 653 2998 p.
673 2937 722 2986 338
739 2929 829 2985 Maius
848 2929 918 2983 vidit
935 2930 1033 2985 verba:
1063 2936 1129 2998 Lepi
1149 2935 1294 2984 Emendavi.
1331 2929 1377 2983 Se·
1433 2942 1435 2945 ·

237 3015 330 3083 quitur
347 3035 374 3085 p.
394 3017 456 3080 337,
479 3031 550 3081 quae
569 3013 693 3069 continet
709 3013 900 3083 Epistularum
922 3014 959 3068 ad
975 3013 1086 3068 Amicos
1103 3014 1180 3069 Libri
1202 3013 1286 3083 primi
1303 3012 1377 3067 indi-

237 3118 309 3165 cem,
337 3098 427 3167 capite
451 3100 622 3152 truucatum:
653 3116 753 3167 nempe
777 3098 910 3152 excidisse
928 3098 1057 3152 videntur
1073 3098 1154 3153 initia
1171 3100 1256 3152 trium
1278 3100 1377 3168 episto-

235 3185 333 3239 larum.
369 3182 458 3236 Maius
475 3183 504 3235 in
522 3181 681 3237 ordinandis
702 3182 774 3236 foliis
792 3183 903 3237 erravit.
