3300 6050
264 850 324 915 134
477 849 514 903 Μ.
534 846 704 902 CORNELII
721 846 929 927 monronis
946 848 1203 904 EPISTULARUM
1214 798 1227 823 ο

261 1041 298 1082 60
321 1022 399 1102 aput
426 1022 458 1082 16
481 1040 519 1081 ex
542 1019 642 1081 animi
664 1019 728 1081 mei
757 1019 919 1082 sententia
950 1041 1018 1082 sum
1046 1020 1220 1084 fabulatus.
1265 1021 1335 1086 Nec
1363 1023 1404 1084 ab

260 1142 295 1183 re
317 1141 385 1183 esse
406 1123 484 1204 puto
506 1141 679 1184 memorem
700 1123 733 1183 te
754 1123 865 1184 tamen
888 1121 1070 1185 admonere.

344 1221 375 1284 A
402 1223 506 1305 prima
533 1225 638 1286 aetate
665 1245 794 1286 suamc
818 1223 941 1286 curavit
963 1223 1082 1287 Gavius
1105 1224 1218 1289 Clarus
1239 1225 1404 1289 familiari·

260 1326 320 1406 ter,
344 1345 410 1387 non
431 1325 525 1387 modo
547 1325 586 1388 iis
609 1324 734 1408 officiis,
747 1325 872 1409 -quibus
888 1328 1016 1388 senator
1032 1329 1136 1390 aetate
1157 1329 1189 1390 et
1210 1327 1280 1390 loco
1300 1327 1404 1390 minor

260 1425 414 1490 maiorem
435 1426 538 1510 gradu
561 1431 656 1509 atque
678 1429 758 1490 natu
773 1430 954 1490 senatorem
976 1428 1075 1511 probe
1094 1429 1170 1492 colit
1186 1451 1223 1492 ac
1245 1450 1403 1511 promere-

261 1520 327 1610 tur3
350 1528 406 1591 sed
427 1527 583 1611 paulatim
606 1528 748 1611 amicitia
764 1532 875 1591 nostra
890 1550 926 1593 60
941 1530 1107 1612 processit,
1132 1534 1167 1594 ut
1188 1552 1291 1613 neque
1313 1530 1404 1593 illum

261 1629 389 1713 pigeret
410 1650 514 1712 neque
528 1651 580 1693 me
595 1630 738 1713 puderet,
763 1653 801 1694 ea
816 1626 908 1693 illum
923 1631 1071 1694 oboedire
1092 1632 1182 1714 mihi,
1206 1654 1286 1715 quae
1308 1631 1403 1695 clien-

261 1732 327 1794 tes¹
338 1781 346 1813 ,
376 1753 457 1814 quae
484 1731 592 1794 liberti
622 1732 730 1795 fideles
758 1754 796 1796 ac
818 1732 969 1796 laboriosi
991 1735 1198 1816 obsecuntur3
1225 1734 1314 1796 nulla
1342 1735 1403 1797 hoc

263 1836 319 1896 aut
345 1854 416 1896 mea
443 1832 616 1896 insolentia
644 1836 699 1896 aut
725 1833 811 1897 illius
841 1834 1039 1917 adulatione}
1068 1835 1123 1899 sed
1144 1838 1256 1899 mutua
1286 1838 1403 1899 caritas

261 1939 372 1998 nostra
394 1940 427 1998 61
448 1957 538 1998 amor
559 1957 652 1998 verus
675 1936 794 1999 ademit
815 1936 941 2019 utrique
957 1940 1102 2000 nostrum
1117 1937 1152 2000 in
1168 1936 1283 2000 officiis
1298 1939 1403 2001 mode-

261 2038 370 2101 randis
392 2044 518 2100 o'mnem
541 2036 834 2101 detrectationem²⁸

346 2138 428 2214 Quid
449 2161 508 2223 ego
523 2160 694 2202 memorem
716 2140 848 2222 negotia
869 2139 904 2202 in
925 2140 995 2203 foro
1018 2143 1128 2203 nostra
1150 2141 1283 2203 minima
1305 2142 1403 2204 maxi·

260 2263 375 2324 maque
398 2241 438 2304 ab
461 2262 498 2304 eo
522 2240 655 2304 curata?
692 2243 748 2304 aut
770 2241 854 2304 domi
880 2241 983 2324 quod²
1005 2243 1131 2324 uspiam
1153 2246 1239 2306 recte
1262 2242 1403 2306 clausum

261 2346 317 2407 aut
344 2344 552 2427 opsignatum
585 2345 642 2405 aut
671 2345 817 2406 curatum
845 2345 901 2405 aut
930 2344 1111 2407 confectum
1154 2344 1249 2427 3quid
1277 2344 1401 2427 vellem,

260 2466 311 2508 me
334 2445 390 2508 uni
412 2444 488 2508 huic
510 2444 678 2508 mandasse
702 2449 734 2507 et
757 2444 1012 2508 concredidisse?

349 2545 411 2611 Sed
432 2546 516 2630 quod
538 2545 686 2609 alumnus
700 2567 790 2609 meus
812 2567 908 2629 aegre
925 2544 1091 2628 tuleraret‚
1116 2546 1293 2612 valetudini
1315 2569 1404 2610 meae

263 2647 421 2712 curandae
451 2649 498 2711 ita
532 2669 657 2731 semper
690 2647 828 2730 studuit,
862 2650 989 2710 tantam
1022 2649 1109 2712 omni
1135 2652 1279 2733 tempore
1307 2649 1404 2712 etiam

261 2771 391 2833 operam
407 2749 515 2831 dedit,
544 2751 580 2812 ut
608 2748 780 2812 excubaret
803 2749 901 2812 etiam
924 2771 1021 2834 aegro
1043 2749 1139 2832 mihi,
1164 2755 1212 2833 et,
1242 2750 1297 2814 ubi
1324 2751 1403 2814 meis

262 2873 322 2935 ego
343 2851 392 2914 uti
413 2851 561 2914 manibus
583 2872 641 2933 per
661 2850 878 2914 valetudinem
899 2873 966 2914 non
989 2873 1131 2935 possem,
1161 2875 1259 2915 manu
1282 2874 1339 2915 sua
1362 2853 1403 2915 ci-

262 2954 319 3016 bos
342 2953 381 3015 ad
403 2974 437 3016 os
459 2974 566 3016 meum
588 2951 738 3016 adferret.
783 2951 949 3016 Postremo
971 2953 999 3016 si
1020 2954 1096 3037 quid
1118 2953 1320 3037 humanitus,
1350 2954 1404 3017 ab·

262 3059 351 3119 sente
373 3055 541 3120 Victorino
569 3058 601 3118 et
623 3054 751 3117 domino
772 3055 874 3119 fratre
895 3077 982 3137 meo,
1012 3054 1091 3118 mihi
1114 3056 1299 3138 accidisset,
1328 3055 1403 3119 huic

262 3159 346 3221 iusta
369 3157 493 3239 corpori
515 3178 586 3219 meo
609 3157 749 3220 curanda
771 3157 931 3221 mandavi.
962 3157 1190 3221 Praesentibus
1208 3157 1306 3220 etiam
1326 3157 1402 3239 illis,

263 3260 302 3322 ab
317 3260 378 3323 hoc
393 3258 596 3341 potissimum,
617 3279 729 3341 corpus
751 3279 859 3321 meum
882 3259 1076 3322 contrectari
1098 3258 1194 3341 volui,
1218 3251 1403 3342 quominus

263 3362 378 3425 doloris
402 3361 441 3423 ad
463 3359 596 3424 fratrem
619 3362 652 3424 61
678 3382 833 3443 generum
860 3382 966 3422 meum
994 3352 1033 3423 611
1056 3363 1207 3423 contactu
1228 3359 1312 3423 ull0⁴
1337 3381 1403 3423 cor-

263 3464 348 3545 poris
371 3463 433 3526 mei
455 3462 646 3546 perveniret.

347 3564 436 3627 Haec
464 3564 543 3627 mihi
571 3585 643 3626 cum
672 3562 773 3626 Gavio
799 3562 895 3627 Claro
922 3562 992 3625 iura
1020 3564 1128 3626 suncb.
1173 3563 1242 3625 Iam
1270 3584 1346 3646 ego,
1377 3564 1404 3625 si

263 3688 313 3730 res
335 3666 503 3730 familiaris
525 3666 605 3728 mihi
627 3665 748 3747 largior
770 3665 863 3745 esset,
888 3684 929 3725 ne
951 3664 1027 3746 quid
1050 3664 1089 3726 ad
1112 3663 1270 3727 senatoris
1293 3664 1404 3726 munia

262 3767 357 3831 facile
379 3767 546 3831 toleranda
569 3767 721 3847 deesset⁵7
745 3764 853 3827 omni6
875 3785 935 3847 ope
957 3765 1174 3829 subvenirem:
1210 3786 1314 3847 neque
1336 3787 1403 3827 um-

348 3988 365 4024 a
384 3974 417 4024 In
434 3976 561 4039 marpine:
579 3968 676 4022 Mutua
694 3967 796 4021 caritas
814 3970 911 4021 nostra
929 3969 958 4020 61
975 3983 1054 4021 amor
1067 3984 1149 4021 verus
1168 3967 1274 4021 ademit
1292 3966 1403 4034 utrique

263 4056 387 4109 nostrum
404 4056 433 4107 in
452 4054 549 4108 officiis
566 4051 744 4107 moderandis
762 4050 938 4105 insolentiam
956 4053 984 4105 et
1002 4052 1199 4106 adulationem.

252 4151 260 4172 ¹
347 4140 366 4192 b
385 4143 418 4192 Iu
435 4145 563 4208 marpine:
580 4137 656 4191 Haeo
674 4135 742 4189 mihi
759 4167 792 4175 -
810 4137 882 4189 sunt.

350 4318 363 4363 1
381 4310 470 4363 Fuere
488 4307 582 4376 igitur,
601 4304 678 4373 quia
693 4304 830 4359 libertinis
844 4304 945 4359 diversi
956 4308 1056 4371 essent,
1077 4304 1190 4358 clientes
1202 4304 1404 4358 Antoninorum

265 4396 355 4449 adhuc
378 4395 483 4459 aetate,
507 4392 542 4445 ad
565 4407 648 4457 quam
672 4390 783 4443 omnino
805 4390 894 4443 multa
916 4407 949 4444 ex
973 4391 1098 4443 veterum
1119 4404 1197 4442 more
1224 4389 1403 4443 duraverunt.

265 4485 424 4534 Niebulrrr'us.

351 4560 573 4618 2Heind0rfius:
592 4568 704 4629 quoties·
721 4559 871 4629 Hauptius:
890 4580 970 4629 quom.

350 4656 365 4703 3
382 4645 484 4714 Incipit
502 4643 567 4698 Cod.
587 4663 614 4713 p.
631 4650 688 4697 424.

349 4737 366 4783 4
384 4730 488 4784 Codex:
506 4740 639 4783 contactus
658 4769 663 4780 .
685 4772 690 4781 .
712 4771 716 4781 .

351 4820 367 4869 ὃ
385 4813 489 4869 Codex:
514 4820 622 4874 desecat,
641 4814 670 4867 et
688 4830 758 4867 corr.
778 4818 905 4867 deessent.

253 4962 255 4966 ¹
351 4898 524 4969 ochcrim:
543 4904 608 4953 omni
625 4905 650 4951 61
667 4917 724 4966 cpe.
760 4902 934 4964 Heindorfius.
1033 4933 1036 4937 -
