3300 6050
643 828 691 880 AD
709 827 843 881 AMICOS
861 828 968 881 LIBER
985 829 1018 881 ΙΙ.

593 1013 697 1079 VIII.
727 1013 837 1080 Arrio
858 1013 1071 1081 Antonin01.

350 1150 519 1214 Gratulor²
547 1150 626 1212 mihi
652 1150 808 1232 plerisque
842 1151 1022 1214 bominibus
1046 1195 1069 1214 .-
1080 1202 1218 1216 .....
1226 1153 1239 1193 ³
1262 1174 1330 1217 esse
1361 1206 1368 1218 .
1395 1206 1401 1219 .

266 1302 405 1316 .....
414 1251 426 1290 ‘¹
449 1273 517 1315 esse
539 1273 589 1313 me
612 1273 631 1313 a
652 1254 684 1314 te
706 1273 773 1314 non
800 1273 890 1315 secus
912 1274 1007 1335 quam
1032 1257 1199 1335 parentem
1229 1254 1401 1320 observari.

264 1354 312 1416 Eo
334 1354 381 1435 fit,
411 1356 447 1416 ut
469 1353 509 1415 ad
529 1374 580 1415 me
596 1352 767 1415 decurrant
782 1353 912 1435 plurimi
927 1354 1085 1436 quituam
1102 1355 1241 1438 gratiam
1258 1357 1401 1440 cupiunt.

264 1454 349 1529 Quos
370 1475 429 1538 ego
451 1475 517 1517 non
539 1456 658 1516 temere
687 1473 747 1516 nec
775 1455 843 1516 sine
871 1454 989 1517 dilectu
1012 1454 1115 1537 audin,
1139 1456 1193 1518 sed
1221 1458 1320 1540 probe
1349 1480 1403 1542 pe·

263 1555 406 1618 tentibus
440 1555 628 1638 suffragium
660 1576 765 1618 meum
791 1555 955 1638 impertio:
990 1556 1029 1618 iis
1063 1577 1153 1638 vero,
1184 1559 1238 1640 qui
1270 1562 1404 1642 parum⁵

264 1657 361 1739 probe
384 1656 499 1739 quida
527 1660 559 1719 te
581 1657 787 1740 impetratum
816 1657 919 1720 velint
945 1657 1046 1739 esse⁶‚
1076 1658 1215 1741 denego:
1243 1663 1279 1722 ut
1307 1683 1325 1722 a
1351 1684 1402 1726 me

263 1757 368 1841 potius
390 1757 426 1819 ill
450 1809 455 1820 .
482 1808 488 1820 .
515 1808 522 1821 .
546 1756 721 1820 ERETUL
741 1759 777 1820 2.
805 1762 846 1828 (η
875 1756 1077 1821 Baburiana⁷
1102 1758 1157 1822 O..
1184 1809 1190 1822 .
1217 1810 1224 1822 .
1250 1759 1402 1827 blm

264 1856 434 1923 OENOSR
459 1909 465 1921 .
492 1909 497 1921 .
525 1909 531 1922 .
558 1909 564 1922 .
588 1857 706 1923 NSUA
731 1910 737 1922 .
764 1909 770 1921 .
797 1908 803 1921 .
829 1858 927 1921 SITA
951 1909 1188 1924 ........
1213 1883 1302 1925 caros
1324 1863 1403 1926 mihi

263 1960 347 2023 viros
371 1963 403 2022 et
424 1980 543 2043 magno
565 1980 659 2043 opere
681 1961 720 2022 iis
744 1960 874 2043 obsequi
898 1961 1033 2042 cupiam.
1068 1961 1150 2024 Item
1172 1964 1281 2025 tamen
1303 1974 1338 2026 ut
1361 2014 1368 2027 .
1394 2015 1401 2028 .

264 2059 531 2143 (nauffinna
555 2113 560 2124 .
584 2062 751 2144 potissima
780 2061 841 2123 sit9
874 2061 1015 2123 iustitiae
1048 2064 1122 2124 tuae
1154 2062 1237 2126 ratio
1263 2113 1270 2126 .
1296 2114 1302 2126 .
1329 2114 1336 2127 .
1362 2066 1403 2128 ‚¹⁰

261 2164 335 2224 tuae
351 2161 544 2224 humanitati
562 2184 742 2246 congruens
758 2163 935 2241 videbatur,
960 2161 1151 2225 desiderium
1167 2162 1403 2230 Baburianae¹¹

264 2263 548 2326 commendandum
577 2261 659 2350 [tibi]
690 2265 820 2346 recepif
838 2267 870 2326 et
896 2284 992 2346 quam
1019 2284 1147 2346 possum
1175 2265 1403 2331 studiosissime

264 2364 448 2427 commendo
458 2365 483 2404 ¹2
507 2414 646 2428 .....
672 2386 732 2448 ego
754 2386 811 2447 per
835 2415 841 2427 .
868 2413 875 2426 .
900 2365 938 2426 de
966 2386 1060 2447 opere
1088 2366 1294 2429 extruenda.
1320 2417 1327 2430 .
1352 2389 1403 2430 ex-

262 2468 413 2529 tructum.
459 2465 667 2528 Videbatur.
694 2466 860 2549 ,dependi
885 2517 891 2528 .
918 2517 924 2528 .
948 2467 1167 2548 pronuntiasti
1195 2467 1271 2550 quid
1298 2469 1338 2531 ad
1363 2519 1369 2532 .
1395 2520 1402 2534 .

262 2588 323 2649 quo
351 2564 484 2656 votlum]
511 2617 517 2629 .
544 2616 550 2629 .
575 2588 653 2651 agas
686 2568 769 2650 quod
806 2564 890 2652 [fuit]
925 2566 1117 2629 tradendum
1145 2573 1291 2651 superest
1319 2571 1403 2653 quod

263 2690 281 2730 a
302 2671 335 2730 te
360 2719 366 2731 .
392 2717 399 2730 .
423 2669 458 2731 in
480 2691 583 2751 pauca
607 2669 778 2731 conferam.

347 2768 532 2834 Sententiae
554 2774 628 2833 tuae
644 2769 829 2833 Baburiana
844 2792 909 2832 non
925 2791 1026 2854 aequo
1049 2771 1155 2833 animo
1178 2772 1233 2834 sed
1254 2777 1403 2856 prompto

263 2872 360 2933 etiam
383 2875 414 2934 et
436 2893 538 2954 paene
644 2871 671 2910 ¹³

347 2970 461 3047 Quian
483 2973 584 3055 igitur
605 2971 762 3054 postulat,
793 2973 877 3055 quod
905 2972 964 3036 tibi
986 2994 1052 3036 non
1076 2975 1303 3063 ambitilosum]
1330 2997 1402 3040 con·

348 3181 359 3227 1
380 3173 476 3228 Sermo
493 3175 522 3226 in
540 3174 593 3227 hac
611 3174 730 3243 epistola
747 3174 857 3227 videtur
873 3173 958 3227 fuisse
977 3174 1010 3227 de
1028 3174 1175 3244 redempto
1193 3177 1306 3244 publico
1319 3195 1402 3247 opere

263 3259 392 3326 quodam,
411 3260 486 3312 cuius
498 3260 592 3327 partes
610 3258 719 3326 aliquae
738 3259 774 3311 ad
791 3258 980 3311 Baburianam
997 3257 1183 3326 pertinebant.
1209 3259 1284 3329 Opus
1301 3262 1402 3330 impro-

263 3344 380 3397 baverat
396 3343 493 3396 Arrius
510 3341 674 3406 Antoninus,
694 3343 749 3407 aut,
768 3342 842 3408 quod
860 3358 915 3395 non
933 3341 1030 3395 fuisset
1041 3344 1168 3411 tempore
1187 3344 1336 3397 constituto
1355 3347 1403 3399 ab·

263 3428 390 3493 solutum,
408 3427 596 3481 Baburianam
614 3444 759 3480 usurarum
776 3426 908 3495 pensione
927 3426 1117 3480 damnaverat.
1153 3432 1313 3482 Niebukrr‘us.

347 3510 503 3564 2Primum
521 3511 636 3565 verbum
655 3528 689 3564 ex
706 3509 800 3564 Indice
819 3512 869 3575 est,
890 3511 935 3563 ubi
954 3513 1101 3579 praeterea
1116 3519 1261 3580 plerosque.

347 3604 363 3650 3
380 3595 549 3649 Exciderunt
566 3611 613 3648 sex
630 3595 750 3648 lItterae.

347 3686 364 3733 4
381 3680 550 3733 Exciderunt
566 3682 623 3732 tres
642 3697 744 3733 versus.

347 3764 412 3818 5111
430 3762 530 3818 Codice
548 3764 728 3832 distinguitur
746 3764 875 3829 IARUI‘J3
894 3765 982 3817 Maius
1000 3777 1088 3817 ulrum.

347 3849 455 3902 diluas
477 3848 586 3902 litteras
609 3848 743 3917 supplevi.
779 3848 883 3902 Parum
905 3851 1033 3903 accurate
1055 3848 1084 3901 in
1107 3850 1159 3903 hac
1178 3850 1297 3919 epistola
1314 3853 1402 3905 trans·

262 3932 407 3987 scribenda
423 3932 512 3986 Maius
530 3935 656 3987 versatus
675 3938 723 3985 est.
760 3933 875 3986 Errores
899 3933 956 3986 eius
977 3948 1033 3986 non
1051 3932 1215 3989 adscribam.

348 4017 519 4071 7Baburiae
556 4017 662 4071 Plotiae
695 4019 786 4071 exstat
817 4017 950 4087 Tergeste
981 4017 1125 4086 inscriptio
1157 4019 1231 4088 apud
1267 4019 1399 4075 Murator.

265 4109 336 4156 1312.
360 4109 397 4156 10.
435 4106 527 4155 Maius.
1193 4152 1197 4158 ,

346 4192 363 4240 8
380 4186 480 4254 Incipit
498 4184 563 4239 Cod.
583 4205 609 4255 p.
630 4191 692 4250 297,
711 4203 781 4253 quae
799 4204 856 4240 non
873 4187 976 4255 ubique
995 4186 1114 4241 conferri
1131 4188 1230 4255 potuit.

347 4276 362 4322 9
381 4268 447 4323 Cod.
466 4274 497 4322 ut
515 4269 661 4323 videbatur
677 4291 714 4323 sa.
744 4269 844 4324 Cetera
861 4271 1023 4324 lacunarum
1040 4272 1132 4340 spatia
1150 4275 1279 4327 accurate
1296 4274 1400 4329 notavi.

333 4360 362 4408 10
381 4352 484 4422 Supple
505 4354 573 4407 duos
590 4371 691 4408 versus.

331 4443 361 4491 11
381 4437 447 4491 Ood.
466 4437 672 4503 annonam,
691 4441 722 4491 ut
739 4438 893 4492 videbatur.

332 4528 362 4575 12
380 4522 450 4574 Exin
471 4522 500 4575 in
519 4520 618 4576 Codice
640 4538 726 4590 usque
749 4522 786 4575 ad
806 4523 928 4591 paginae
950 4525 1033 4577 finem
1050 4523 1149 4590 reliqui
1167 4525 1231 4579 sunt
1248 4540 1343 4578 versus
1360 4533 1401 4594 36,

263 4622 381 4674 quorum
398 4606 541 4660 minimam
558 4606 668 4674 partem
683 4606 777 4675 legere
795 4606 881 4660 h'euit.
917 4612 1012 4661 Maius.

332 4698 363 4747 13
381 4690 490 4744 Excidit
506 4708 576 4743 unus
594 4707 689 4744 versus
708 4692 737 4744 et
754 4690 818 4745 dim.

333 4782 363 4829 14
381 4775 532 4843 Sequentia
549 4792 648 4843 parum
666 4777 794 4829 accurate
807 4776 883 4843 apud
894 4775 1010 4840 Maium3
1029 4776 1172 4845 superiora
1184 4778 1277 4845 legere
1296 4779 1400 4833 amicus

263 4874 318 4911 uon
335 4860 435 4928 potuit,
452 4876 503 4913 nec
521 4859 645 4930 contulit,
