<?xml version="1.0" encoding="UTF-8"?>
<!DOCTYPE html PUBLIC "-//W3C//DTD XHTML 1.0 Transitional//EN"
    "http://www.w3.org/TR/xhtml1/DTD/xhtml1-transitional.dtd">
<html xmlns="http://www.w3.org/1999/xhtml" xml:lang="en" lang="en">
 <head>
  <title>
</title>
<meta http-equiv="Content-Type" content="text/html;charset=utf-8" />
  <meta name='ocr-system' content='tesseract 3.04.00' />
  <meta name='ocr-capabilities' content='ocr_page ocr_carea ocr_par ocr_line ocrx_word'/>
</head>
<body>
  <div class='ocr_page' id='page_1' title='image "./mcorneliifronto00frongoog/mcorneliifronto00frongoog_0226.png"; bbox 0 0 3300 6050; ppageno 0'>
   <div class='ocr_carea' id='block_1_1' title="bbox 263 841 1188 910">
    <p class='ocr_par' dir='ltr' id='par_1_1' title="bbox 263 841 1188 910">
     <span class='ocr_line' id='line_1_1' title="bbox 263 841 1188 910; baseline -0.002 -11"><span class='ocrx_word' id='word_1_1' title='bbox 263 845 322 910; x_wconf 82' lang='grc'>186</span> <span class='ocrx_word' id='word_1_2' title='bbox 471 843 507 896; x_wconf 91' lang='lat' dir='ltr'>M.</span> <span class='ocrx_word' id='word_1_3' title='bbox 522 842 691 898; x_wconf 76' lang='lat' dir='ltr'>CORNELII</span> <span class='ocrx_word' id='word_1_4' title='bbox 708 841 915 898; x_wconf 74' lang='lat' dir='ltr'>FRONTONIS</span> <span class='ocrx_word' id='word_1_5' title='bbox 933 841 1188 898; x_wconf 80' lang='lat' dir='ltr'><strong>EPISTULARUM</strong></span> 
     </span>
    </p>
   </div>
   <div class='ocr_carea' id='block_1_2' title="bbox 243 1014 1401 3139">
    <p class='ocr_par' dir='ltr' id='par_1_2' title="bbox 256 1014 1401 1997">
     <span class='ocr_line' id='line_1_2' title="bbox 259 1014 1401 1100; baseline 0.002 -22"><span class='ocrx_word' id='word_1_6' title='bbox 259 1016 376 1098; x_wconf 76' lang='lat' dir='ltr'>facere,</span> <span class='ocrx_word' id='word_1_7' title='bbox 401 1036 497 1098; x_wconf 90' lang='lat' dir='ltr'>quam</span> <span class='ocrx_word' id='word_1_8' title='bbox 518 1015 589 1099; x_wconf 89' lang='lat' dir='ltr'>ipsa</span> <span class='ocrx_word' id='word_1_9' title='bbox 611 1014 681 1078; x_wconf 92' lang='lat' dir='ltr'>res¹</span> <span class='ocrx_word' id='word_1_10' title='bbox 705 1014 863 1098; x_wconf 89' lang='lat' dir='ltr'>postulat:</span> <span class='ocrx_word' id='word_1_11' title='bbox 892 1017 965 1078; x_wconf 90' lang='lat' dir='ltr'>acta</span> <span class='ocrx_word' id='word_1_12' title='bbox 979 1015 1223 1099; x_wconf 76' lang='lat' dir='ltr'>cognitionum,</span> <span class='ocrx_word' id='word_1_13' title='bbox 1248 1016 1401 1100; x_wconf 77' lang='lat' dir='ltr'><strong>epistulas</strong></span> 
     </span>
     <span class='ocr_line' id='line_1_3' title="bbox 260 1116 1401 1201; baseline 0.001 -21"><span class='ocrx_word' id='word_1_14' title='bbox 260 1116 363 1180; x_wconf 91' lang='lat' dir='ltr'>omnis</span> <span class='ocrx_word' id='word_1_15' title='bbox 391 1116 527 1199; x_wconf 89' lang='lat' dir='ltr'>denique</span> <span class='ocrx_word' id='word_1_16' title='bbox 555 1117 593 1180; x_wconf 89' lang='lat' dir='ltr'>ad</span> <span class='ocrx_word' id='word_1_17' title='bbox 616 1116 815 1201; x_wconf 90' lang='lat' dir='ltr'>provinciam</span> <span class='ocrx_word' id='word_1_18' title='bbox 842 1116 1033 1180; x_wconf 88' lang='lat' dir='ltr'>adtinentes.</span> <span class='ocrx_word' id='word_1_19' title='bbox 1079 1116 1124 1180; x_wconf 87' lang='lat' dir='ltr'>Te</span> <span class='ocrx_word' id='word_1_20' title='bbox 1146 1116 1303 1182; x_wconf 85' lang='lat' dir='ltr'>iuvabunt</span> <span class='ocrx_word' id='word_1_21' title='bbox 1324 1118 1401 1181; x_wconf 90' lang='lat' dir='ltr'>tuis·</span> 
     </span>
     <span class='ocr_line' id='line_1_4' title="bbox 260 1218 1401 1302; baseline 0 -20"><span class='ocrx_word' id='word_1_22' title='bbox 260 1241 351 1302; x_wconf 92' lang='lat' dir='ltr'>que.</span> <span class='ocrx_word' id='word_1_23' title='bbox 378 1268 385 1281; x_wconf 88' lang='lat'>.</span> <span class='ocrx_word' id='word_1_24' title='bbox 412 1268 419 1282; x_wconf 88' lang='lat'>.</span> <span class='ocrx_word' id='word_1_25' title='bbox 445 1218 473 1281; x_wconf 80' lang='lat'>.²</span> <span class='ocrx_word' id='word_1_26' title='bbox 503 1240 562 1282; x_wconf 92' lang='lat' dir='ltr'>con</span> <span class='ocrx_word' id='word_1_27' title='bbox 587 1269 593 1282; x_wconf 93' lang='lat'>.</span> <span class='ocrx_word' id='word_1_28' title='bbox 621 1269 627 1282; x_wconf 92' lang='lat'>.</span> <span class='ocrx_word' id='word_1_29' title='bbox 654 1219 681 1281; x_wconf 79' lang='lat'>.³</span> <span class='ocrx_word' id='word_1_30' title='bbox 705 1219 854 1282; x_wconf 79' lang='lat' dir='ltr'>adsidue⁴</span> <span class='ocrx_word' id='word_1_31' title='bbox 880 1268 886 1281; x_wconf 93' lang='lat'>.</span> <span class='ocrx_word' id='word_1_32' title='bbox 913 1269 919 1281; x_wconf 89' lang='lat'>.</span> <span class='ocrx_word' id='word_1_33' title='bbox 947 1269 953 1281; x_wconf 93' lang='lat'>.</span> <span class='ocrx_word' id='word_1_34' title='bbox 980 1270 986 1281; x_wconf 94' lang='lat'>.</span> <span class='ocrx_word' id='word_1_35' title='bbox 1016 1241 1149 1282; x_wconf 89' lang='lat' dir='ltr'>munera</span> <span class='ocrx_word' id='word_1_36' title='bbox 1176 1220 1312 1283; x_wconf 86' lang='lat' dir='ltr'>obires.</span> <span class='ocrx_word' id='word_1_37' title='bbox 1339 1269 1346 1283; x_wconf 99' lang='lat'>.</span> <span class='ocrx_word' id='word_1_38' title='bbox 1373 1221 1401 1283; x_wconf 82' lang='lat'>.⁵</span> 
     </span>
     <span class='ocr_line' id='line_1_5' title="bbox 258 1320 1401 1405; baseline -0.002 -19"><span class='ocrx_word' id='word_1_39' title='bbox 258 1342 326 1386; x_wconf 84' lang='lat' dir='ltr'>cum</span> <span class='ocrx_word' id='word_1_40' title='bbox 347 1325 465 1385; x_wconf 78' lang='lat' dir='ltr'>honore</span> <span class='ocrx_word' id='word_1_41' title='bbox 487 1320 699 1405; x_wconf 83' lang='lat' dir='ltr'>provinciales</span> <span class='ocrx_word' id='word_1_42' title='bbox 721 1322 879 1384; x_wconf 88' lang='lat' dir='ltr'>tractare:</span> <span class='ocrx_word' id='word_1_43' title='bbox 902 1324 938 1384; x_wconf 92' lang='lat' dir='ltr'>ut</span> <span class='ocrx_word' id='word_1_44' title='bbox 953 1323 1063 1385; x_wconf 86' lang='lat' dir='ltr'>verum</span> <span class='ocrx_word' id='word_1_45' title='bbox 1085 1321 1128 1384; x_wconf 89' lang='lat' dir='ltr'>sit</span> <span class='ocrx_word' id='word_1_46' title='bbox 1150 1321 1234 1404; x_wconf 91' lang='lat' dir='ltr'>quod</span> <span class='ocrx_word' id='word_1_47' title='bbox 1257 1321 1401 1405; x_wconf 79' lang='lat' dir='ltr'>antiqui⁶</span> 
     </span>
     <span class='ocr_line' id='line_1_6' title="bbox 258 1423 1399 1490; baseline -0.001 -2"><span class='ocrx_word' id='word_1_48' title='bbox 258 1427 381 1488; x_wconf 87' lang='lat' dir='ltr'>veteres</span> <span class='ocrx_word' id='word_1_49' title='bbox 404 1424 566 1487; x_wconf 75' lang='lat' dir='ltr'>dixerant:</span> <span class='ocrx_word' id='word_1_50' title='bbox 589 1429 646 1488; x_wconf 86' lang='grc' dir='ltr'>τοῦ</span> <span class='ocrx_word' id='word_1_51' title='bbox 664 1423 764 1488; x_wconf 83' lang='grc' dir='ltr'>αὐτοῦ</span> <span class='ocrx_word' id='word_1_52' title='bbox 787 1423 941 1489; x_wconf 79' lang='grc' dir='ltr'>εἶναικαὶ</span> <span class='ocrx_word' id='word_1_53' title='bbox 963 1425 1086 1490; x_wconf 80' lang='grc' dir='ltr'>παίζειν</span> <span class='ocrx_word' id='word_1_54' title='bbox 1109 1424 1159 1486; x_wconf 85' lang='grc' dir='ltr'>καὶ</span> <span class='ocrx_word' id='word_1_55' title='bbox 1182 1424 1370 1490; x_wconf 75' lang='grc' dir='ltr'>(πουδάζειν</span> <span class='ocrx_word' id='word_1_56' title='bbox 1380 1423 1399 1487; x_wconf 88' lang='lat'>⁷.</span> 
     </span>
     <span class='ocr_line' id='line_1_7' title="bbox 258 1524 1399 1610; baseline -0.001 -21"><span class='ocrx_word' id='word_1_57' title='bbox 258 1525 487 1610; x_wconf 74' lang='lat' dir='ltr'>Valerianum⁸</span> <span class='ocrx_word' id='word_1_58' title='bbox 511 1575 518 1589; x_wconf 87' lang='lat'>.</span> <span class='ocrx_word' id='word_1_59' title='bbox 545 1575 551 1589; x_wconf 94' lang='lat'>.</span> <span class='ocrx_word' id='word_1_60' title='bbox 581 1526 683 1589; x_wconf 90' lang='lat' dir='ltr'>bonus</span> <span class='ocrx_word' id='word_1_61' title='bbox 715 1527 742 1588; x_wconf 87' lang='lat' dir='ltr'>si</span> <span class='ocrx_word' id='word_1_62' title='bbox 774 1576 780 1588; x_wconf 94' lang='lat'>.</span> <span class='ocrx_word' id='word_1_63' title='bbox 807 1576 813 1588; x_wconf 94' lang='lat'>.</span> <span class='ocrx_word' id='word_1_64' title='bbox 843 1525 898 1588; x_wconf 86' lang='lat' dir='ltr'>bui</span> <span class='ocrx_word' id='word_1_65' title='bbox 927 1524 1113 1589; x_wconf 69' lang='lat' dir='ltr'>studebamss</span> <span class='ocrx_word' id='word_1_66' title='bbox 1146 1576 1152 1588; x_wconf 95' lang='lat'>.</span> <span class='ocrx_word' id='word_1_67' title='bbox 1179 1575 1185 1588; x_wconf 93' lang='lat'>.</span> <span class='ocrx_word' id='word_1_68' title='bbox 1218 1525 1399 1589; x_wconf 88' lang='lat' dir='ltr'>conclusus:</span> 
     </span>
     <span class='ocr_line' id='line_1_8' title="bbox 258 1626 1401 1711; baseline -0.003 -18"><span class='ocrx_word' id='word_1_69' title='bbox 258 1650 319 1694; x_wconf 86' lang='lat' dir='ltr'>nee</span> <span class='ocrx_word' id='word_1_70' title='bbox 341 1651 391 1692; x_wconf 87' lang='lat' dir='ltr'>me</span> <span class='ocrx_word' id='word_1_71' title='bbox 413 1628 605 1692; x_wconf 82' lang='lat' dir='ltr'>Valerianus</span> <span class='ocrx_word' id='word_1_72' title='bbox 632 1630 742 1691; x_wconf 89' lang='lat' dir='ltr'>noster</span> <span class='ocrx_word' id='word_1_73' title='bbox 764 1627 870 1691; x_wconf 87' lang='lat' dir='ltr'>videre</span> <span class='ocrx_word' id='word_1_74' title='bbox 898 1627 1014 1711; x_wconf 88' lang='lat' dir='ltr'>potuit.</span> <span class='ocrx_word' id='word_1_75' title='bbox 1060 1629 1090 1690; x_wconf 90' lang='lat' dir='ltr'><strong>A</strong></span> <span class='ocrx_word' id='word_1_76' title='bbox 1113 1626 1260 1691; x_wconf 85' lang='lat' dir='ltr'>Dominis</span> <span class='ocrx_word' id='word_1_77' title='bbox 1282 1627 1401 1690; x_wconf 89' lang='lat' dir='ltr'>nostris</span> 
     </span>
     <span class='ocr_line' id='line_1_9' title="bbox 256 1726 1400 1814; baseline 0 -22"><span class='ocrx_word' id='word_1_78' title='bbox 256 1726 503 1813; x_wconf 86' lang='lat' dir='ltr'>imperatoribus</span> <span class='ocrx_word' id='word_1_79' title='bbox 524 1751 590 1793; x_wconf 92' lang='lat' dir='ltr'>non</span> <span class='ocrx_word' id='word_1_80' title='bbox 612 1733 742 1813; x_wconf 85' lang='lat' dir='ltr'>propter</span> <span class='ocrx_word' id='word_1_81' title='bbox 765 1730 974 1802; x_wconf 88' lang='lat' dir='ltr'>aliudamari</span> <span class='ocrx_word' id='word_1_82' title='bbox 997 1752 1047 1793; x_wconf 91' lang='lat' dir='ltr'>me</span> <span class='ocrx_word' id='word_1_83' title='bbox 1069 1732 1161 1814; x_wconf 87' lang='lat' dir='ltr'>opto,</span> <span class='ocrx_word' id='word_1_84' title='bbox 1192 1751 1288 1812; x_wconf 91' lang='lat' dir='ltr'>quam</span> <span class='ocrx_word' id='word_1_85' title='bbox 1309 1732 1346 1792; x_wconf 91' lang='lat' dir='ltr'>ut</span> <span class='ocrx_word' id='word_1_86' title='bbox 1367 1732 1400 1792; x_wconf 89' lang='grc'>16</span> 
     </span>
     <span class='ocr_line' id='line_1_10' title="bbox 259 1832 1400 1916; baseline -0.001 -22"><span class='ocrx_word' id='word_1_87' title='bbox 259 1853 383 1916; x_wconf 89' lang='lat' dir='ltr'>quoque</span> <span class='ocrx_word' id='word_1_88' title='bbox 410 1832 600 1915; x_wconf 76' lang='lat' dir='ltr'>participem</span> <span class='ocrx_word' id='word_1_89' title='bbox 626 1832 689 1902; x_wconf 89' lang='lat' dir='ltr'>mei</span> <span class='ocrx_word' id='word_1_90' title='bbox 724 1832 864 1915; x_wconf 87' lang='lat' dir='ltr'>corporis</span> <span class='ocrx_word' id='word_1_91' title='bbox 893 1833 926 1895; x_wconf 88' lang='lat' dir='ltr'>et</span> <span class='ocrx_word' id='word_1_92' title='bbox 954 1832 1051 1895; x_wconf 86' lang='lat' dir='ltr'>animi</span> <span class='ocrx_word' id='word_1_93' title='bbox 1081 1832 1235 1916; x_wconf 77' lang='lat' dir='ltr'>diligant:</span> <span class='ocrx_word' id='word_1_94' title='bbox 1273 1834 1400 1895; x_wconf 89' lang='lat' dir='ltr'>etcum</span> 
     </span>
     <span class='ocr_line' id='line_1_11' title="bbox 258 1933 923 1997; baseline 0 -1"><span class='ocrx_word' id='word_1_95' title='bbox 258 1933 402 1997; x_wconf 88' lang='lat' dir='ltr'>bonitate</span> <span class='ocrx_word' id='word_1_96' title='bbox 425 1955 534 1996; x_wconf 87' lang='lat' dir='ltr'>eorum</span> <span class='ocrx_word' id='word_1_97' title='bbox 557 1935 662 1997; x_wconf 88' lang='lat' dir='ltr'>certus</span> <span class='ocrx_word' id='word_1_98' title='bbox 685 1955 755 1996; x_wconf 93' lang='lat' dir='ltr'>sum</span> <span class='ocrx_word' id='word_1_99' title='bbox 776 1934 823 1996; x_wconf 91' lang='lat' dir='ltr'>ita</span> <span class='ocrx_word' id='word_1_100' title='bbox 844 1934 923 1997; x_wconf 87' lang='lat' dir='ltr'>fore.</span> 
     </span>
    </p>

    <p class='ocr_par' dir='ltr' id='par_1_3' title="bbox 243 2034 1400 3139">
     <span class='ocr_line' id='line_1_12' title="bbox 243 2034 1400 2119; baseline 0 -21"><span class='ocrx_word' id='word_1_101' title='bbox 243 2065 244 2068; x_wconf 39' lang='lat'>¹</span> <span class='ocrx_word' id='word_1_102' title='bbox 344 2034 446 2110; x_wconf 79' lang='lat' dir='ltr'>Quom</span> <span class='ocrx_word' id='word_1_103' title='bbox 468 2035 528 2098; x_wconf 89' lang='lat' dir='ltr'>tibi</span> <span class='ocrx_word' id='word_1_104' title='bbox 551 2034 732 2118; x_wconf 79' lang='lat' dir='ltr'>scriberem,</span> <span class='ocrx_word' id='word_1_105' title='bbox 756 2037 852 2119; x_wconf 91' lang='lat' dir='ltr'>paulo</span> <span class='ocrx_word' id='word_1_106' title='bbox 875 2037 1070 2099; x_wconf 84' lang='lat' dir='ltr'>commodius</span> <span class='ocrx_word' id='word_1_107' title='bbox 1092 2036 1247 2100; x_wconf 84' lang='lat' dir='ltr'>valebam.</span> <span class='ocrx_word' id='word_1_108' title='bbox 1284 2034 1400 2101; x_wconf 88' lang='lat' dir='ltr'>Adhuc</span> 
     </span>
     <span class='ocr_line' id='line_1_13' title="bbox 259 2136 1399 2222; baseline -0.002 -21"><span class='ocrx_word' id='word_1_109' title='bbox 259 2138 386 2222; x_wconf 87' lang='lat' dir='ltr'>quidem</span> <span class='ocrx_word' id='word_1_110' title='bbox 409 2157 445 2200; x_wconf 93' lang='lat' dir='ltr'>eo</span> <span class='ocrx_word' id='word_1_111' title='bbox 468 2139 611 2221; x_wconf 89' lang='lat' dir='ltr'>tempore</span> <span class='ocrx_word' id='word_1_112' title='bbox 634 2159 722 2200; x_wconf 89' lang='lat' dir='ltr'>eram</span> <span class='ocrx_word' id='word_1_113' title='bbox 745 2159 782 2200; x_wconf 87' lang='lat' dir='ltr'>ex</span> <span class='ocrx_word' id='word_1_114' title='bbox 798 2137 988 2220; x_wconf 86' lang='lat' dir='ltr'>longissima</span> <span class='ocrx_word' id='word_1_115' title='bbox 1002 2159 1074 2200; x_wconf 90' lang='lat' dir='ltr'>mea</span> <span class='ocrx_word' id='word_1_116' title='bbox 1088 2136 1280 2219; x_wconf 83' lang='lat' dir='ltr'>valetudine,</span> <span class='ocrx_word' id='word_1_117' title='bbox 1304 2158 1399 2219; x_wconf 90' lang='lat' dir='ltr'>quam</span> 
     </span>
     <span class='ocr_line' id='line_1_14' title="bbox 259 2231 1399 2322; baseline -0.004 -18"><span class='ocrx_word' id='word_1_118' title='bbox 259 2243 372 2304; x_wconf 87' lang='lat' dir='ltr'>contra</span> <span class='ocrx_word' id='word_1_119' title='bbox 394 2261 503 2302; x_wconf 89' lang='lat' dir='ltr'>curam</span> <span class='ocrx_word' id='word_1_120' title='bbox 512 2239 536 2280; x_wconf 87' lang='lat'>¹⁰</span> <span class='ocrx_word' id='word_1_121' title='bbox 561 2289 568 2302; x_wconf 89' lang='lat'>.</span> <span class='ocrx_word' id='word_1_122' title='bbox 594 2289 601 2302; x_wconf 92' lang='lat'>.</span> <span class='ocrx_word' id='word_1_123' title='bbox 628 2288 635 2302; x_wconf 93' lang='lat'>.</span> <span class='ocrx_word' id='word_1_124' title='bbox 660 2261 758 2322; x_wconf 93' lang='lat' dir='ltr'>aeque</span> <span class='ocrx_word' id='word_1_125' title='bbox 768 2231 789 2277; x_wconf 62' lang='lat'>¹&#39;¹</span> <span class='ocrx_word' id='word_1_126' title='bbox 816 2289 822 2302; x_wconf 96' lang='lat'>.</span> <span class='ocrx_word' id='word_1_127' title='bbox 849 2289 856 2302; x_wconf 88' lang='lat'>.</span> <span class='ocrx_word' id='word_1_128' title='bbox 883 2238 1002 2303; x_wconf 71' lang='lat' dir='ltr'>.‘male</span> <span class='ocrx_word' id='word_1_129' title='bbox 1031 2238 1184 2303; x_wconf 88' lang='lat' dir='ltr'>mulcavit</span> <span class='ocrx_word' id='word_1_130' title='bbox 1211 2237 1399 2302; x_wconf 70' lang='lat' dir='ltr'>recitavi&#39;in</span> 
     </span>
     <span class='ocr_line' id='line_1_15' title="bbox 258 2339 1397 2425; baseline -0.004 -18"><span class='ocrx_word' id='word_1_131' title='bbox 258 2346 372 2407; x_wconf 87' lang='lat' dir='ltr'>senatu</span> <span class='ocrx_word' id='word_1_132' title='bbox 395 2341 473 2406; x_wconf 90' lang='lat' dir='ltr'>satis</span> <span class='ocrx_word' id='word_1_133' title='bbox 482 2341 506 2381; x_wconf 80' lang='lat'>¹²</span> <span class='ocrx_word' id='word_1_134' title='bbox 524 2391 531 2404; x_wconf 89' lang='lat'>.</span> <span class='ocrx_word' id='word_1_135' title='bbox 550 2391 557 2404; x_wconf 89' lang='lat'>.</span> <span class='ocrx_word' id='word_1_136' title='bbox 584 2391 590 2405; x_wconf 91' lang='lat'>.</span> <span class='ocrx_word' id='word_1_137' title='bbox 615 2345 792 2425; x_wconf 86' lang='lat' dir='ltr'>repeterem</span> <span class='ocrx_word' id='word_1_138' title='bbox 814 2341 1040 2424; x_wconf 85' lang='lat' dir='ltr'>postularetur.</span> <span class='ocrx_word' id='word_1_139' title='bbox 1074 2342 1149 2425; x_wconf 77' lang='lat' dir='ltr'>Fac,</span> <span class='ocrx_word' id='word_1_140' title='bbox 1173 2340 1217 2403; x_wconf 92' lang='lat' dir='ltr'>mi</span> <span class='ocrx_word' id='word_1_141' title='bbox 1239 2339 1397 2422; x_wconf 87' lang='lat' dir='ltr'>Naucelli,</span> 
     </span>
     <span class='ocr_line' id='line_1_16' title="bbox 257 2441 1400 2526; baseline -0.004 -18"><span class='ocrx_word' id='word_1_142' title='bbox 257 2442 451 2508; x_wconf 87' lang='lat' dir='ltr'>valetudinis</span> <span class='ocrx_word' id='word_1_143' title='bbox 484 2446 558 2506; x_wconf 93' lang='lat' dir='ltr'>tuae</span> <span class='ocrx_word' id='word_1_144' title='bbox 592 2465 701 2506; x_wconf 93' lang='lat' dir='ltr'>curam</span> <span class='ocrx_word' id='word_1_145' title='bbox 724 2464 817 2526; x_wconf 86' lang='lat' dir='ltr'>agas,</span> <span class='ocrx_word' id='word_1_146' title='bbox 854 2446 888 2506; x_wconf 89' lang='lat' dir='ltr'>ut</span> <span class='ocrx_word' id='word_1_147' title='bbox 916 2443 1010 2506; x_wconf 87' lang='lat' dir='ltr'>fortis</span> <span class='ocrx_word' id='word_1_148' title='bbox 1038 2443 1078 2506; x_wconf 89' lang='lat' dir='ltr'>ad</span> <span class='ocrx_word' id='word_1_149' title='bbox 1105 2464 1164 2506; x_wconf 92' lang='lat' dir='ltr'>nos</span> <span class='ocrx_word' id='word_1_150' title='bbox 1191 2441 1311 2507; x_wconf 87' lang='lat' dir='ltr'>venias.</span> <span class='ocrx_word' id='word_1_151' title='bbox 1357 2441 1400 2504; x_wconf 91' lang='lat' dir='ltr'>Di</span> 
     </span>
     <span class='ocr_line' id='line_1_17' title="bbox 257 2543 1399 2630; baseline -0.004 -20"><span class='ocrx_word' id='word_1_152' title='bbox 257 2547 479 2630; x_wconf 87' lang='lat' dir='ltr'>praestabunt,</span> <span class='ocrx_word' id='word_1_153' title='bbox 509 2547 546 2608; x_wconf 94' lang='lat' dir='ltr'>ut</span> <span class='ocrx_word' id='word_1_154' title='bbox 567 2566 617 2607; x_wconf 91' lang='lat' dir='ltr'>me</span> <span class='ocrx_word' id='word_1_155' title='bbox 646 2567 770 2628; x_wconf 92' lang='lat' dir='ltr'>quoque</span> <span class='ocrx_word' id='word_1_156' title='bbox 797 2545 876 2608; x_wconf 86' lang='lat' dir='ltr'>forti</span> <span class='ocrx_word' id='word_1_157' title='bbox 899 2543 1162 2608; x_wconf 81' lang='lat' dir='ltr'>culuminvenias</span> <span class='ocrx_word' id='word_1_158' title='bbox 1207 2543 1399 2607; x_wconf 86' lang='lat' dir='ltr'>Valerianus</span> 
     </span>
     <span class='ocr_line' id='line_1_18' title="bbox 257 2646 1397 2732; baseline -0.005 -18"><span class='ocrx_word' id='word_1_159' title='bbox 257 2649 300 2714; x_wconf 92' lang='lat' dir='ltr'>N.</span> <span class='ocrx_word' id='word_1_160' title='bbox 323 2669 459 2732; x_wconf 89' lang='lat' dir='ltr'>magnas</span> <span class='ocrx_word' id='word_1_161' title='bbox 483 2647 523 2709; x_wconf 89' lang='lat' dir='ltr'>ad</span> <span class='ocrx_word' id='word_1_162' title='bbox 544 2648 577 2710; x_wconf 88' lang='lat' dir='ltr'>te</span> <span class='ocrx_word' id='word_1_163' title='bbox 599 2646 712 2730; x_wconf 80' lang='lat' dir='ltr'>plagas</span> <span class='ocrx_word' id='word_1_164' title='bbox 741 2646 883 2728; x_wconf 82' lang='lat' dir='ltr'>rettulit,</span> <span class='ocrx_word' id='word_1_165' title='bbox 915 2668 993 2729; x_wconf 88' lang='lat' dir='ltr'>quas</span> <span class='ocrx_word' id='word_1_166' title='bbox 1022 2646 1062 2710; x_wconf 89' lang='lat' dir='ltr'>ab</span> <span class='ocrx_word' id='word_1_167' title='bbox 1084 2646 1265 2710; x_wconf 85' lang='lat' dir='ltr'>omnibus¹³</span> <span class='ocrx_word' id='word_1_168' title='bbox 1290 2695 1296 2709; x_wconf 91' lang='lat'>.</span> <span class='ocrx_word' id='word_1_169' title='bbox 1323 2694 1330 2709; x_wconf 85' lang='lat'>.</span> <span class='ocrx_word' id='word_1_170' title='bbox 1356 2695 1363 2708; x_wconf 88' lang='lat'>.</span> <span class='ocrx_word' id='word_1_171' title='bbox 1390 2695 1397 2708; x_wconf 88' lang='lat'>.</span> 
     </span>
     <span class='ocr_line' id='line_1_19' title="bbox 258 2745 1397 2835; baseline -0.004 -21"><span class='ocrx_word' id='word_1_172' title='bbox 258 2752 388 2835; x_wconf 87' lang='lat' dir='ltr'>gravius</span> <span class='ocrx_word' id='word_1_173' title='bbox 422 2771 494 2811; x_wconf 94' lang='lat' dir='ltr'>eum</span> <span class='ocrx_word' id='word_1_174' title='bbox 526 2749 663 2812; x_wconf 85' lang='lat' dir='ltr'>tractavi</span> <span class='ocrx_word' id='word_1_175' title='bbox 691 2770 786 2831; x_wconf 88' lang='lat' dir='ltr'>quam</span> <span class='ocrx_word' id='word_1_176' title='bbox 810 2747 1041 2812; x_wconf 82' lang='lat' dir='ltr'>Stratonabian</span> <span class='ocrx_word' id='word_1_177' title='bbox 1077 2745 1144 2835; x_wconf 89' lang='lat' dir='ltr'>[aut</span> <span class='ocrx_word' id='word_1_178' title='bbox 1177 2746 1397 2832; x_wconf 80' lang='lat' dir='ltr'>Pyrallum]¹⁴.</span> 
     </span>
     <span class='ocr_line' id='line_1_20' title="bbox 259 2847 1398 2936; baseline -0.003 -20"><span class='ocrx_word' id='word_1_179' title='bbox 259 2852 410 2935; x_wconf 81' lang='lat' dir='ltr'>Stragula</span> <span class='ocrx_word' id='word_1_180' title='bbox 445 2849 523 2912; x_wconf 90' lang='lat' dir='ltr'>mihi</span> <span class='ocrx_word' id='word_1_181' title='bbox 561 2850 648 2913; x_wconf 88' lang='lat' dir='ltr'>linea</span> <span class='ocrx_word' id='word_1_182' title='bbox 681 2850 806 2934; x_wconf 88' lang='lat' dir='ltr'>sculpta</span> <span class='ocrx_word' id='word_1_183' title='bbox 839 2847 933 2935; x_wconf 73' lang='lat' dir='ltr'>qluae</span> <span class='ocrx_word' id='word_1_184' title='bbox 966 2848 1124 2936; x_wconf 83' lang='lat' dir='ltr'>germani]</span> <span class='ocrx_word' id='word_1_185' title='bbox 1156 2900 1163 2913; x_wconf 93' lang='lat'>.</span> <span class='ocrx_word' id='word_1_186' title='bbox 1194 2899 1201 2913; x_wconf 88' lang='lat'>.</span> <span class='ocrx_word' id='word_1_187' title='bbox 1227 2900 1233 2912; x_wconf 94' lang='lat'>.</span> <span class='ocrx_word' id='word_1_188' title='bbox 1259 2899 1266 2912; x_wconf 91' lang='lat'>.</span> <span class='ocrx_word' id='word_1_189' title='bbox 1291 2899 1298 2912; x_wconf 91' lang='lat'>.</span> <span class='ocrx_word' id='word_1_190' title='bbox 1324 2849 1398 2913; x_wconf 80' lang='lat'>.¹·&#39;’.</span> 
     </span>
     <span class='ocr_line' id='line_1_21' title="bbox 259 2951 1398 3035; baseline -0.004 -17"><span class='ocrx_word' id='word_1_191' title='bbox 259 3001 461 3018; x_wconf 91' lang='grc'><strong>.......</strong></span> <span class='ocrx_word' id='word_1_192' title='bbox 473 2951 511 3035; x_wconf 65' lang='lat' dir='ltr'>po</span> <span class='ocrx_word' id='word_1_193' title='bbox 565 2951 681 3015; x_wconf 88' lang='lat' dir='ltr'>Munus</span> <span class='ocrx_word' id='word_1_194' title='bbox 705 2953 766 3015; x_wconf 90' lang='lat' dir='ltr'>hoc</span> <span class='ocrx_word' id='word_1_195' title='bbox 789 2953 829 3015; x_wconf 91' lang='lat' dir='ltr'>ab</span> <span class='ocrx_word' id='word_1_196' title='bbox 851 2952 984 3015; x_wconf 89' lang='lat' dir='ltr'>ineunte</span> <span class='ocrx_word' id='word_1_197' title='bbox 1007 2954 1113 3015; x_wconf 91' lang='lat' dir='ltr'>aetate</span> <span class='ocrx_word' id='word_1_198' title='bbox 1134 2951 1320 3035; x_wconf 86' lang='lat' dir='ltr'>infrequens</span> <span class='ocrx_word' id='word_1_199' title='bbox 1343 2951 1398 3013; x_wconf 89' lang='lat' dir='ltr'>ha-</span> 
     </span>
     <span class='ocr_line' id='line_1_22' title="bbox 258 3045 1399 3139; baseline -0.004 -18"><span class='ocrx_word' id='word_1_200' title='bbox 258 3057 313 3121; x_wconf 91' lang='lat' dir='ltr'>bui</span> <span class='ocrx_word' id='word_1_201' title='bbox 341 3058 374 3120; x_wconf 88' lang='lat' dir='ltr'>et</span> <span class='ocrx_word' id='word_1_202' title='bbox 401 3075 503 3138; x_wconf 91' lang='lat' dir='ltr'>paene</span> <span class='ocrx_word' id='word_1_203' title='bbox 529 3055 748 3139; x_wconf 74' lang='lat' dir='ltr'>neglectum³t</span> <span class='ocrx_word' id='word_1_204' title='bbox 780 3077 841 3119; x_wconf 90' lang='lat' dir='ltr'>nec</span> <span class='ocrx_word' id='word_1_205' title='bbox 869 3045 1037 3137; x_wconf 88' lang='lat' dir='ltr'>quisquam</span> <span class='ocrx_word' id='word_1_206' title='bbox 1067 3057 1116 3117; x_wconf 75' lang='lat' dir='ltr'>est</span> <span class='ocrx_word' id='word_1_207' title='bbox 1143 3053 1308 3118; x_wconf 88' lang='lat' dir='ltr'>hominum</span> <span class='ocrx_word' id='word_1_208' title='bbox 1335 3053 1399 3117; x_wconf 85' lang='lat' dir='ltr'>Ro-</span> 
     </span>
    </p>
   </div>
   <div class='ocr_carea' id='block_1_3' title="bbox 343 3190 904 3261">
    <p class='ocr_par' dir='ltr' id='par_1_4' title="bbox 343 3190 904 3261">
     <span class='ocr_line' id='line_1_23' title="bbox 343 3190 904 3261; baseline -0.014 -12"><span class='ocrx_word' id='word_1_209' title='bbox 343 3214 360 3249; x_wconf 88' lang='lat' dir='ltr'>a</span> <span class='ocrx_word' id='word_1_210' title='bbox 377 3200 411 3248; x_wconf 83' lang='lat' dir='ltr'>In</span> <span class='ocrx_word' id='word_1_211' title='bbox 428 3198 552 3261; x_wconf 78' lang='lat' dir='ltr'>azorpine:</span> <span class='ocrx_word' id='word_1_212' title='bbox 571 3190 670 3244; x_wconf 88' lang='lat' dir='ltr'>Munus</span> <span class='ocrx_word' id='word_1_213' title='bbox 688 3223 721 3229; x_wconf 95' lang='lat'><em>-</em></span> <span class='ocrx_word' id='word_1_214' title='bbox 738 3191 904 3258; x_wconf 87' lang='lat' dir='ltr'>neglectum.</span> 
     </span>
    </p>
   </div>
   <div class='ocr_carea' id='block_1_4' title="bbox 258 3296 1399 4467">
    <p class='ocr_par' dir='ltr' id='par_1_5' title="bbox 258 3296 1399 4467">
     <span class='ocr_line' id='line_1_24' title="bbox 343 3296 639 3365; baseline -0.024 -13"><span class='ocrx_word' id='word_1_215' title='bbox 343 3296 442 3352; x_wconf 75' lang='grc'><strong>10011.</strong></span> <span class='ocrx_word' id='word_1_216' title='bbox 461 3314 503 3365; x_wconf 84' lang='lat' dir='ltr'>pr.</span> <span class='ocrx_word' id='word_1_217' title='bbox 523 3313 559 3347; x_wconf 90' lang='grc'><strong>111.</strong></span> <span class='ocrx_word' id='word_1_218' title='bbox 578 3314 639 3351; x_wconf 80' lang='lat' dir='ltr'>rem,</span> 
     </span>
     <span class='ocr_line' id='line_1_25' title="bbox 341 3377 776 3452; baseline -0.021 -14"><span class='ocrx_word' id='word_1_219' title='bbox 341 3392 357 3439; x_wconf 82' lang='grc'>2</span> <span class='ocrx_word' id='word_1_220' title='bbox 376 3382 479 3452; x_wconf 91' lang='lat' dir='ltr'>Supple</span> <span class='ocrx_word' id='word_1_221' title='bbox 499 3387 530 3434; x_wconf 79' lang='lat'>12</span> <span class='ocrx_word' id='word_1_222' title='bbox 548 3381 593 3434; x_wconf 87' lang='lat' dir='ltr'>vel</span> <span class='ocrx_word' id='word_1_223' title='bbox 612 3384 643 3432; x_wconf 86' lang='grc'>14</span> <span class='ocrx_word' id='word_1_224' title='bbox 659 3377 776 3431; x_wconf 86' lang='lat' dir='ltr'>litteras.</span> 
     </span>
     <span class='ocr_line' id='line_1_26' title="bbox 342 3462 750 3537; baseline -0.025 -13"><span class='ocrx_word' id='word_1_225' title='bbox 342 3477 357 3525; x_wconf 88' lang='lat'><strong>3</strong></span> <span class='ocrx_word' id='word_1_226' title='bbox 376 3468 480 3537; x_wconf 90' lang='lat' dir='ltr'>Supple</span> <span class='ocrx_word' id='word_1_227' title='bbox 497 3464 617 3519; x_wconf 90' lang='lat' dir='ltr'>totidem</span> <span class='ocrx_word' id='word_1_228' title='bbox 633 3462 750 3516; x_wconf 89' lang='lat' dir='ltr'>litteras.</span> 
     </span>
     <span class='ocr_line' id='line_1_27' title="bbox 342 3548 683 3621; baseline -0.023 -14"><span class='ocrx_word' id='word_1_229' title='bbox 342 3560 358 3607; x_wconf 88' lang='grc'><strong>4</strong></span> <span class='ocrx_word' id='word_1_230' title='bbox 377 3552 480 3621; x_wconf 92' lang='lat' dir='ltr'>Supple</span> <span class='ocrx_word' id='word_1_231' title='bbox 499 3567 547 3603; x_wconf 83' lang='lat' dir='ltr'>sex</span> <span class='ocrx_word' id='word_1_232' title='bbox 563 3548 683 3602; x_wconf 83' lang='lat' dir='ltr'>litteras.</span> 
     </span>
     <span class='ocr_line' id='line_1_28' title="bbox 343 3632 728 3706; baseline -0.021 -14"><span class='ocrx_word' id='word_1_233' title='bbox 343 3644 358 3693; x_wconf 89' lang='lat'>5</span> <span class='ocrx_word' id='word_1_234' title='bbox 377 3636 480 3706; x_wconf 85' lang='lat' dir='ltr'>Supple</span> <span class='ocrx_word' id='word_1_235' title='bbox 499 3635 595 3688; x_wconf 90' lang='lat' dir='ltr'>decern</span> <span class='ocrx_word' id='word_1_236' title='bbox 613 3632 728 3686; x_wconf 84' lang='lat' dir='ltr'>litteras.</span> 
     </span>
     <span class='ocr_line' id='line_1_29' title="bbox 342 3721 747 3777; baseline -0.022 1"><span class='ocrx_word' id='word_1_237' title='bbox 342 3724 419 3777; x_wconf 73' lang='lat' dir='ltr'>ann</span> <span class='ocrx_word' id='word_1_238' title='bbox 437 3726 535 3775; x_wconf 69' lang='lat' dir='ltr'>Antei?</span> <span class='ocrx_word' id='word_1_239' title='bbox 570 3721 747 3771; x_wconf 79' lang='lat' dir='ltr'>Buttmuunus.</span> 
     </span>
     <span class='ocr_line' id='line_1_30' title="bbox 342 3801 1398 3870; baseline -0.009 -8"><span class='ocrx_word' id='word_1_240' title='bbox 342 3815 357 3862; x_wconf 79' lang='lat'>7</span> <span class='ocrx_word' id='word_1_241' title='bbox 376 3807 477 3861; x_wconf 84' lang='lat' dir='ltr'>Cetera</span> <span class='ocrx_word' id='word_1_242' title='bbox 495 3802 614 3859; x_wconf 86' lang='lat' dir='ltr'>conferri</span> <span class='ocrx_word' id='word_1_243' title='bbox 631 3820 686 3855; x_wconf 90' lang='lat' dir='ltr'>non</span> <span class='ocrx_word' id='word_1_244' title='bbox 703 3802 862 3870; x_wconf 90' lang='lat' dir='ltr'>potuerunt.</span> <span class='ocrx_word' id='word_1_245' title='bbox 889 3801 929 3854; x_wconf 91' lang='lat' dir='ltr'>De</span> <span class='ocrx_word' id='word_1_246' title='bbox 942 3802 1034 3855; x_wconf 87' lang='lat' dir='ltr'>verbis</span> <span class='ocrx_word' id='word_1_247' title='bbox 1046 3801 1154 3855; x_wconf 80' lang='grc' dir='ltr'>παίζειν</span> <span class='ocrx_word' id='word_1_248' title='bbox 1173 3803 1217 3853; x_wconf 86' lang='grc' dir='ltr'>καὶ</span> <span class='ocrx_word' id='word_1_249' title='bbox 1235 3801 1398 3855; x_wconf 77' lang='grc' dir='ltr'>επουδάζειν</span> 
     </span>
     <span class='ocr_line' id='line_1_31' title="bbox 258 3891 753 3956; baseline -0.022 -8"><span class='ocrx_word' id='word_1_250' title='bbox 258 3895 313 3948; x_wconf 88' lang='lat' dir='ltr'>vid.</span> <span class='ocrx_word' id='word_1_251' title='bbox 334 3893 454 3947; x_wconf 89' lang='lat' dir='ltr'>Cobetus</span> <span class='ocrx_word' id='word_1_252' title='bbox 472 3891 538 3954; x_wconf 87' lang='grc' dir='ltr'>Λόγ.</span> <span class='ocrx_word' id='word_1_253' title='bbox 559 3891 630 3955; x_wconf 89' lang='grc' dir='ltr'>Ἑρμ.</span> <span class='ocrx_word' id='word_1_254' title='bbox 649 3905 675 3956; x_wconf 93' lang='lat' dir='ltr'>p.</span> <span class='ocrx_word' id='word_1_255' title='bbox 696 3892 753 3939; x_wconf 82' lang='lat'>214.</span> 
     </span>
     <span class='ocr_line' id='line_1_32' title="bbox 342 3969 1396 4038; baseline -0.009 -6"><span class='ocrx_word' id='word_1_256' title='bbox 342 3984 358 4031; x_wconf 91' lang='grc'>8</span> <span class='ocrx_word' id='word_1_257' title='bbox 375 3976 540 4031; x_wconf 88' lang='lat' dir='ltr'>Valerianus</span> <span class='ocrx_word' id='word_1_258' title='bbox 557 3972 610 4024; x_wconf 90' lang='lat' dir='ltr'>fuit</span> <span class='ocrx_word' id='word_1_259' title='bbox 626 3969 780 4024; x_wconf 86' lang='lat' dir='ltr'>Pertinacis</span> <span class='ocrx_word' id='word_1_260' title='bbox 798 3971 941 4038; x_wconf 82' lang='lat' dir='ltr'>magIster.</span> <span class='ocrx_word' id='word_1_261' title='bbox 968 3969 1006 4024; x_wconf 86' lang='lat' dir='ltr'>Cf.</span> <span class='ocrx_word' id='word_1_262' title='bbox 1027 3971 1096 4038; x_wconf 89' lang='lat' dir='ltr'>Imp.</span> <span class='ocrx_word' id='word_1_263' title='bbox 1115 3970 1173 4024; x_wconf 83' lang='lat' dir='ltr'>vita</span> <span class='ocrx_word' id='word_1_264' title='bbox 1192 3987 1213 4023; x_wconf 86' lang='lat' dir='ltr'>e.</span> <span class='ocrx_word' id='word_1_265' title='bbox 1236 3976 1274 4023; x_wconf 80' lang='lat'>12.</span> <span class='ocrx_word' id='word_1_266' title='bbox 1302 3974 1396 4023; x_wconf 82' lang='lat' dir='ltr'>Maius.</span> 
     </span>
     <span class='ocr_line' id='line_1_33' title="bbox 344 4054 1399 4123; baseline -0.009 -7"><span class='ocrx_word' id='word_1_267' title='bbox 344 4068 359 4117; x_wconf 84' lang='grc'><strong>9</strong></span> <span class='ocrx_word' id='word_1_268' title='bbox 377 4062 409 4113; x_wconf 94' lang='lat' dir='ltr'>ln</span> <span class='ocrx_word' id='word_1_269' title='bbox 426 4059 469 4111; x_wconf 91' lang='lat' dir='ltr'>his</span> <span class='ocrx_word' id='word_1_270' title='bbox 485 4057 591 4111; x_wconf 88' lang='lat' dir='ltr'>lacunis</span> <span class='ocrx_word' id='word_1_271' title='bbox 608 4057 698 4110; x_wconf 88' lang='lat' dir='ltr'>latent</span> <span class='ocrx_word' id='word_1_272' title='bbox 715 4072 810 4107; x_wconf 88' lang='lat' dir='ltr'>versus</span> <span class='ocrx_word' id='word_1_273' title='bbox 831 4057 902 4108; x_wconf 91' lang='lat' dir='ltr'>octo.</span> <span class='ocrx_word' id='word_1_274' title='bbox 927 4054 993 4107; x_wconf 80' lang='lat' dir='ltr'>Mox</span> <span class='ocrx_word' id='word_1_275' title='bbox 1010 4054 1183 4108; x_wconf 84' lang='lat' dir='ltr'>Ecksteinius</span> <span class='ocrx_word' id='word_1_276' title='bbox 1201 4070 1253 4123; x_wconf 88' lang='lat' dir='ltr'>pro</span> <span class='ocrx_word' id='word_1_277' title='bbox 1271 4075 1324 4107; x_wconf 84' lang='lat' dir='ltr'>eum</span> <span class='ocrx_word' id='word_1_278' title='bbox 1341 4071 1399 4108; x_wconf 90' lang='lat' dir='ltr'>ma-</span> 
     </span>
     <span class='ocr_line' id='line_1_34' title="bbox 260 4148 1177 4203; baseline -0.032 0"><span class='ocrx_word' id='word_1_279' title='bbox 260 4148 384 4203; x_wconf 78' lang='lat' dir='ltr'>vultam</span> <span class='ocrx_word' id='word_1_280' title='bbox 402 4148 520 4198; x_wconf 72' lang='lat' dir='ltr'>barricule.</span> <span class='ocrx_word' id='word_1_281' title='bbox 1175 4151 1177 4153; x_wconf 91' lang='lat'>·</span> 
     </span>
     <span class='ocr_line' id='line_1_35' title="bbox 330 4228 752 4298; baseline -0.019 -13"><span class='ocrx_word' id='word_1_282' title='bbox 330 4238 361 4285; x_wconf 85' lang='lat' dir='ltr'>lo</span> <span class='ocrx_word' id='word_1_283' title='bbox 379 4228 482 4298; x_wconf 88' lang='lat' dir='ltr'>Supple</span> <span class='ocrx_word' id='word_1_284' title='bbox 500 4243 618 4281; x_wconf 88' lang='lat' dir='ltr'>versum.</span> <span class='ocrx_word' id='word_1_285' title='bbox 658 4229 752 4278; x_wconf 83' lang='lat' dir='ltr'>Maius.</span> 
     </span>
     <span class='ocr_line' id='line_1_36' title="bbox 330 4310 1046 4380; baseline -0.008 -13"><span class='ocrx_word' id='word_1_286' title='bbox 330 4321 359 4367; x_wconf 91' lang='grc'>11</span> <span class='ocrx_word' id='word_1_287' title='bbox 377 4311 447 4366; x_wconf 82' lang='lat' dir='ltr'>Exin</span> <span class='ocrx_word' id='word_1_288' title='bbox 465 4328 561 4365; x_wconf 90' lang='lat' dir='ltr'>versus</span> <span class='ocrx_word' id='word_1_289' title='bbox 579 4310 675 4364; x_wconf 88' lang='lat' dir='ltr'>decem</span> <span class='ocrx_word' id='word_1_290' title='bbox 692 4311 749 4380; x_wconf 87' lang='lat' dir='ltr'>legi</span> <span class='ocrx_word' id='word_1_291' title='bbox 766 4313 915 4378; x_wconf 89' lang='lat' dir='ltr'>nequeunt.</span> <span class='ocrx_word' id='word_1_292' title='bbox 952 4314 1046 4363; x_wconf 79' lang='lat' dir='ltr'>Maius.</span> 
     </span>
     <span class='ocr_line' id='line_1_37' title="bbox 312 4384 820 4467; baseline -0.012 -13"><span class='ocrx_word' id='word_1_293' title='bbox 312 4384 315 4391; x_wconf 90' lang='lat'>.</span> <span class='ocrx_word' id='word_1_294' title='bbox 330 4406 360 4454; x_wconf 76' lang='lat'>12</span> <span class='ocrx_word' id='word_1_295' title='bbox 380 4398 483 4467; x_wconf 90' lang='lat' dir='ltr'>Supple</span> <span class='ocrx_word' id='word_1_296' title='bbox 501 4396 570 4449; x_wconf 90' lang='lat' dir='ltr'>duos</span> <span class='ocrx_word' id='word_1_297' title='bbox 587 4412 690 4450; x_wconf 88' lang='lat' dir='ltr'>versus.</span> <span class='ocrx_word' id='word_1_298' title='bbox 726 4400 820 4449; x_wconf 78' lang='lat' dir='ltr'>Maius.</span> 
     </span>
    </p>
   </div>
   <div class='ocr_carea' id='block_1_5' title="bbox 329 4453 1398 4629">
    <p class='ocr_par' dir='ltr' id='par_1_6' title="bbox 329 4453 1398 4629">
     <span class='ocr_line' id='line_1_38' title="bbox 329 4453 941 4552; baseline -0.011 -14"><span class='ocrx_word' id='word_1_299' title='bbox 329 4492 360 4540; x_wconf 83' lang='lat'>13</span> <span class='ocrx_word' id='word_1_300' title='bbox 379 4482 482 4552; x_wconf 89' lang='lat' dir='ltr'>Supple</span> <span class='ocrx_word' id='word_1_301' title='bbox 500 4481 602 4535; x_wconf 89' lang='lat' dir='ltr'>iterum</span> <span class='ocrx_word' id='word_1_302' title='bbox 620 4479 688 4535; x_wconf 89' lang='lat' dir='ltr'>duos</span> <span class='ocrx_word' id='word_1_303' title='bbox 705 4497 809 4535; x_wconf 87' lang='lat' dir='ltr'>versus.</span> <span class='ocrx_word' id='word_1_304' title='bbox 841 4453 941 4534; x_wconf 78' lang='lat' dir='ltr'>Maius.¹</span> 
     </span>
     <span class='ocr_line' id='line_1_39' title="bbox 329 4561 1398 4629; baseline -0.008 -7"><span class='ocrx_word' id='word_1_305' title='bbox 329 4575 361 4623; x_wconf 88' lang='grc'>14</span> <span class='ocrx_word' id='word_1_306' title='bbox 377 4569 502 4623; x_wconf 86' lang='lat' dir='ltr'>Monstra</span> <span class='ocrx_word' id='word_1_307' title='bbox 511 4565 671 4621; x_wconf 88' lang='lat' dir='ltr'>viderentur</span> <span class='ocrx_word' id='word_1_308' title='bbox 679 4566 749 4619; x_wconf 90' lang='lat' dir='ltr'>haec</span> <span class='ocrx_word' id='word_1_309' title='bbox 757 4564 902 4629; x_wconf 82' lang='lat' dir='ltr'>voeabula,</span> <span class='ocrx_word' id='word_1_310' title='bbox 922 4563 975 4617; x_wconf 90' lang='lat' dir='ltr'>nisi</span> <span class='ocrx_word' id='word_1_311' title='bbox 986 4563 1112 4617; x_wconf 87' lang='lat' dir='ltr'>Paralius</span> <span class='ocrx_word' id='word_1_312' title='bbox 1126 4565 1198 4616; x_wconf 89' lang='lat' dir='ltr'>esset</span> <span class='ocrx_word' id='word_1_313' title='bbox 1207 4562 1280 4614; x_wconf 88' lang='lat' dir='ltr'>inter</span> <span class='ocrx_word' id='word_1_314' title='bbox 1293 4561 1398 4614; x_wconf 90' lang='lat' dir='ltr'>occisos</span> 
     </span>
    </p>
   </div>
   <div class='ocr_carea' id='block_1_6' title="bbox 260 4646 1398 4974">
    <p class='ocr_par' dir='ltr' id='par_1_7' title="bbox 260 4646 1398 4974">
     <span class='ocr_line' id='line_1_40' title="bbox 261 4646 1397 4721; baseline -0.01 -12"><span class='ocrx_word' id='word_1_315' title='bbox 261 4653 438 4709; x_wconf 86' lang='lat' dir='ltr'>aCommodo</span> <span class='ocrx_word' id='word_1_316' title='bbox 449 4652 566 4721; x_wconf 83' lang='lat' dir='ltr'>Capitol.</span> <span class='ocrx_word' id='word_1_317' title='bbox 578 4669 600 4705; x_wconf 86' lang='lat' dir='ltr'>c.</span> <span class='ocrx_word' id='word_1_318' title='bbox 608 4656 636 4716; x_wconf 77' lang='lat'>43</span> <span class='ocrx_word' id='word_1_319' title='bbox 646 4652 707 4703; x_wconf 93' lang='lat' dir='ltr'>tum</span> <span class='ocrx_word' id='word_1_320' title='bbox 716 4666 781 4703; x_wconf 89' lang='lat' dir='ltr'>vero</span> <span class='ocrx_word' id='word_1_321' title='bbox 791 4648 909 4718; x_wconf 87' lang='lat' dir='ltr'>Pyrallis</span> <span class='ocrx_word' id='word_1_322' title='bbox 920 4649 948 4701; x_wconf 91' lang='lat' dir='ltr'>et</span> <span class='ocrx_word' id='word_1_323' title='bbox 959 4648 1085 4716; x_wconf 84' lang='lat' dir='ltr'>Pyrallus</span> <span class='ocrx_word' id='word_1_324' title='bbox 1093 4647 1122 4700; x_wconf 90' lang='lat' dir='ltr'>in</span> <span class='ocrx_word' id='word_1_325' title='bbox 1134 4646 1259 4715; x_wconf 86' lang='lat' dir='ltr'>inscript.</span> <span class='ocrx_word' id='word_1_326' title='bbox 1270 4663 1314 4714; x_wconf 85' lang='lat' dir='ltr'>ap.</span> <span class='ocrx_word' id='word_1_327' title='bbox 1327 4646 1397 4699; x_wconf 87' lang='lat' dir='ltr'>Gru-</span> 
     </span>
     <span class='ocr_line' id='line_1_41' title="bbox 260 4732 1398 4804; baseline -0.006 -11"><span class='ocrx_word' id='word_1_328' title='bbox 260 4742 311 4793; x_wconf 89' lang='lat' dir='ltr'>ter.</span> <span class='ocrx_word' id='word_1_329' title='bbox 329 4740 357 4792; x_wconf 91' lang='lat' dir='ltr'>et</span> <span class='ocrx_word' id='word_1_330' title='bbox 365 4738 467 4791; x_wconf 90' lang='lat' dir='ltr'>Murat.</span> <span class='ocrx_word' id='word_1_331' title='bbox 485 4738 557 4790; x_wconf 88' lang='lat' dir='ltr'>Item</span> <span class='ocrx_word' id='word_1_332' title='bbox 566 4734 692 4804; x_wconf 81' lang='lat' dir='ltr'>Pyralius</span> <span class='ocrx_word' id='word_1_333' title='bbox 707 4734 810 4803; x_wconf 89' lang='lat' dir='ltr'>legitur</span> <span class='ocrx_word' id='word_1_334' title='bbox 823 4732 899 4802; x_wconf 92' lang='lat' dir='ltr'>apud</span> <span class='ocrx_word' id='word_1_335' title='bbox 912 4732 1041 4786; x_wconf 90' lang='lat' dir='ltr'>Photium</span> <span class='ocrx_word' id='word_1_336' title='bbox 1052 4732 1112 4786; x_wconf 87' lang='lat' dir='ltr'>cod.</span> <span class='ocrx_word' id='word_1_337' title='bbox 1130 4738 1177 4786; x_wconf 83' lang='grc'>187</span> <span class='ocrx_word' id='word_1_338' title='bbox 1187 4751 1214 4801; x_wconf 93' lang='lat' dir='ltr'>p.</span> <span class='ocrx_word' id='word_1_339' title='bbox 1225 4737 1283 4784; x_wconf 86' lang='grc'><strong>461.</strong></span> <span class='ocrx_word' id='word_1_340' title='bbox 1304 4734 1398 4786; x_wconf 68' lang='lat' dir='ltr'>Maian.</span> 
     </span>
     <span class='ocr_line' id='line_1_42' title="bbox 330 4820 851 4891; baseline -0.006 -14"><span class='ocrx_word' id='word_1_341' title='bbox 330 4829 361 4878; x_wconf 87' lang='lat'>15</span> <span class='ocrx_word' id='word_1_342' title='bbox 379 4822 482 4891; x_wconf 88' lang='lat' dir='ltr'>Supple</span> <span class='ocrx_word' id='word_1_343' title='bbox 500 4838 595 4875; x_wconf 87' lang='lat' dir='ltr'>versus</span> <span class='ocrx_word' id='word_1_344' title='bbox 614 4820 717 4873; x_wconf 90' lang='lat' dir='ltr'>decem.</span> <span class='ocrx_word' id='word_1_345' title='bbox 755 4822 851 4873; x_wconf 70' lang='lat' dir='ltr'>Maius.</span> 
     </span>
     <span class='ocr_line' id='line_1_43' title="bbox 330 4901 859 4974; baseline -0.009 -15"><span class='ocrx_word' id='word_1_346' title='bbox 330 4913 361 4959; x_wconf 89' lang='grc'>16</span> <span class='ocrx_word' id='word_1_347' title='bbox 379 4905 509 4974; x_wconf 85' lang='lat' dir='ltr'>Sequitur</span> <span class='ocrx_word' id='word_1_348' title='bbox 527 4904 592 4959; x_wconf 91' lang='lat' dir='ltr'>Cod.</span> <span class='ocrx_word' id='word_1_349' title='bbox 612 4923 639 4972; x_wconf 91' lang='lat' dir='ltr'>p.</span> <span class='ocrx_word' id='word_1_350' title='bbox 659 4909 715 4968; x_wconf 76' lang='lat'>279,</span> <span class='ocrx_word' id='word_1_351' title='bbox 734 4901 859 4957; x_wconf 87' lang='lat' dir='ltr'>evanida.</span> 
     </span>
    </p>
   </div>
   <div class='ocr_carea' id='block_1_7' title="bbox 0 0 1654 6050">
    <p class='ocr_par' dir='ltr' id='par_1_8' title="bbox 0 0 1654 6050">
     <span class='ocr_line' id='line_1_44' title="bbox 0 0 1654 6050; baseline 0 0"><span class='ocrx_word' id='word_1_352' title='bbox 0 0 1654 6050; x_wconf 95' lang='lat' dir='ltr'> </span> 
     </span>
    </p>
   </div>
  </div>
 </body>
</html>
