3300 6050
268 888 331 952 246
606 886 642 938 M.
663 885 833 939 CORNELII
850 885 1068 940 FRONTONIS.

269 1058 457 1139 ἐργαεαίμην
491 1059 587 1125 οὐδὲν
625 1058 699 1123 οὐδ’
726 1058 882 1138 ὀναίμηνι
910 1058 1068 1123 οὐδέποτε
1091 1108 1213 1122 .....
1223 1059 1235 1097 ²
1262 1060 1294 1126 ἐξ
1323 1060 1417 1126 οἴκου

269 1162 365 1242 φαεῖν
388 1161 432 1225 εἰ(
448 1161 539 1226 οῖκον
556 1163 724 1246 μετελθεῖν.
748 1160 919 1238 Ἐννόηεον
943 1161 977 1225 δέ
1000 1161 1140 1239 κάκεῖνο,
1163 1160 1220 1239 ὅεη
1248 1161 1349 1242 ἡδονὴ
1369 1170 1416 1247 τῷ

270 1265 431 1344 πέμψαντι
453 1265 655 1344 ληφθέντων,
680 1262 735 1341 ὅεη
759 1262 842 1341 λύπη
872 1264 911 1341 μὴ
935 1265 1126 1342 ληφθέντων
1154 1264 1339 1340 ἐγγίγνεται.
1384 1267 1418 1329 Εἰ

268 1368 305 1430 τὸ
322 1366 487 1447 καθαρὸν.
508 1415 514 1428 .
532 1367 582 1430 καὶ
603 1366 681 1445 μετὰ
703 1386 748 1428 πο
772 1415 800 1428 ..
824 1365 989 1444 προειέναι
1012 1365 1092 1429 εοιῖ.
1122 1365 1288 1430 Πιετεύοιε
1316 1369 1352 1432 δέ
1375 1369 1419 1432 δί-

269 1489 359 1534 καιον
384 1469 464 1534 εἶναι
486 1469 545 1534 τὸν
568 1468 670 1545 νόμού
693 1473 759 1532 τιῖιν
782 1487 816 1530 τε
839 1467 969 1533 πόλεων
992 1469 1043 1532 καὶ
1065 1474 1149 1532 θεῶν
1173 1469 1222 1532 καὶ
1246 1469 1352 1549 φίλων
1376 1521 1383 1533 .
1410 1519 1417 1532 .

165 1623 169 1634 ,
269 1572 355 1654 φίλῳ
383 1574 419 1634 δέ
447 1570 506 1650 οὐχ
534 1571 578 1635 ὼε
601 1575 718 1636 τοῦτον
748 1570 995 1636 ἐπιδεικνύντων
1018 1570 1133 1650 θράεοε
1159 1571 1304 1650 εύνοῖατ,
1334 1571 1420 1635 ἀλλὰ

270 1674 473 1739 καὶτούτων
503 1670 705 1750 ύποδέοιιειῖ,
740 1672 869 1752 ἔπεμψα
901 1673 939 1736 τὸ
972 1673 1046 1751 πρὶν
1081 1673 1262 1757 ἐπιτρέψῃε.
1307 1673 1348 1737 (u
1383 1675 1420 1737 δέ

271 1776 348 1854 μηδὲ
370 1797 439 1854 τιμη
463 1826 469 1838 .
493 1776 520 1838 ,5
543 1777 607 1860 ᾧγε
631 1775 694 1838 ἔδει
716 1775 792 1853 μηδ’
814 1775 905 1840 ἅπαξ.

339 1888 344 1898 ’
533 1893 571 1956 V.
596 1896 800 1978 Ἀππιανῷ
823 1894 927 1972 παρὰ
950 1894 1198 1973 Φρόντωνοε.

358 1997 424 2061 Ούκ
453 1996 605 2077 ἀπορήεει
639 1997 696 2075 μὲν
732 1996 976 2061 οὐδ’ῖέκεῖνοε
995 2003 1153 2063 ,πιθανῶν
1182 1997 1290 2073 λόγων
1314 1997 1419 2062 ὅττιε7

272 2101 354 2177 πρὸ(
384 2099 422 2163 τὸ
450 2105 582 2178 πμιῖιτον
610 2099 771 2177 ἐνθύμημα
805 2103 872 2164 τῶν
907 2096 991 2162 ὑπὸ8
1019 2102 1076 2162 coc
1105 2100 1328 2178 προτεθέντων
1356 2100 1420 2165 ἐνί-

252 2201 459 2276 1εταιτο,-ιῖκ
481 2203 522 2280 μὴ
546 2199 633 2265 δέοι9
658 2201 786 2264 ἐπεεθαι
812 2202 880 2264 τοῖε
903 2204 1022 2265 κοινοῖ(
1043 2200 1083 2263 τὰ
1103 2199 1175 2264 ἴδια.
1218 2201 1333 2265 Πολλὰ
1355 2203 1420 2280 γὰρ

277 2304 331 2381 ἐθη
356 2305 405 2366 καὶ
427 2302 543 2382 νόμιμα
566 2303 657 2367 κοινὰ
684 2305 751 2366 παῖε
774 2302 903 2366 πόλεειν
931 2304 981 2365 καὶ
1007 2302 1071 2367 ἴδια
1093 2307 1160 2367 τοῖε
1183 2305 1256 2366 καθ’
1284 2303 1419 2370 ἐκαετον

358 2427 371 2473 1
391 2420 519 2489 Vestigic
536 2420 565 2473 in
584 2418 684 2474 Codice
702 2419 795 2488 potius
814 2419 919 2472 ducunt
936 2419 973 2472 ad
991 2421 1146 2487 ὀνιναῖμην.

359 2512 374 2558 2
391 2506 521 2560 Absurde
539 2506 603 2558 sunt
621 2505 649 2558 et
667 2505 764 2559 conire
781 2504 864 2558 fidem
885 2504 992 2558 Codicis
1011 2522 1082 2572 quae
1101 2505 1190 2558 Maius
1213 2505 1300 2559 edidit
1323 2505 1422 2559 verlit-

274 2608 327 2658 que
346 2591 416 2645 adeo
434 2591 532 2644 latine:
551 2591 617 2643 οὐδὲ
636 2589 755 2657 ὀναίμην
773 2591 839 2643 ούδέ
858 2607 929 2643 ποτε
949 2591 1017 2657 [δέοι
1035 2591 1074 2643 ὼε
1087 2591 1118 2644 ἐν
1131 2597 1173 2658 τῷ
1190 2592 1313 2658 θεάτρῳ]
1333 2594 1422 2657 φαείν

275 2677 317 2744 [δε
337 2677 385 2744 μὴ]
408 2678 504 2741 μιτθὸν
523 2677 610 2741 εἶχον,
629 2676 657 2727 ἐξ
675 2675 754 2728 οἴκου
774 2673 813 2728 εἰ(
832 2675 912 2727 οἶκον
931 2676 964 2740 μέ
975 2692 1008 2739 γε
1020 2678 1116 2728 τιθεῖν.
1135 2675 1247 2728 Amicus
1260 2674 1421 2744 descripsit:

627 2827 824 2880 ΠΟΤΕΜΕΟΛ
844 2869 850 2880 ,
870 2870 876 2879 .
897 2760 1032 2882 AMElllili

629 2894 1017 2950 ΝΕΙΧΘΝΕΞΟΙΚΟΥΦΑΕΙΝ

275 2979 389 3035 Collalis
407 2979 441 3034 iis
460 2998 531 3049 quse
549 2979 639 3034 Maius
657 2996 685 3033 se
703 2979 804 3047 legisse
822 2980 958 3047 lectatur,
976 2981 1066 3051 possis
1084 2981 1164 3035 verbi
1182 2998 1278 3035 causa:
1309 2984 1421 3052 οὐδαμῇ

275 3066 443 3133 ἐμγαεαῖμην
456 3068 539 3119 ούδέν
552 3066 618 3119 ούδέ
630 3065 777 3132 ὀνιναίμην
790 3067 928 3121 οὐδέποτε
940 3069 1004 3120 δέον
1016 3068 1080 3120 τινὰ
1093 3068 1189 3133 μιτθὸν
1207 3068 1287 3120 λιτὸν
1299 3069 1327 3121 ἐξ
1340 3069 1422 3122 οἴκου

274 3154 358 3217 φαείν
377 3151 417 3204 εἰ(
435 3153 515 3205 οἷκον
534 3154 687 3216 μετελθεῖν.
718 3150 789 3202 illud
808 3155 955 3216 μετελθεῖν
973 3149 1041 3203 mihi
1059 3151 1126 3204 satis
1145 3152 1252 3204 cerium
1263 3150 1373 3205 videtur
1392 3154 1424 3205 et

273 3235 354 3304 posui
371 3234 401 3288 in
416 3237 503 3288 textu.

342 3321 419 3373 csta
435 3319 533 3374 Maius
568 3319 681 3373 Amicus
699 3319 781 3373 vidit:

893 3390 1036 3443 ΚΑΘΑΡΟ
1058 3432 1062 3440 .

630 3498 691 3646 :25¹1
712 3499 718 3576 ῑ
738 3500 744 3576 3
765 3499 772 3576 ,·
792 3500 799 3575 .·
816 3457 1036 3579 coculli
1058 3499 1063 3576 1

275 3677 350 3731 Nihil
369 3676 436 3730 salis
455 3677 561 3730 certum
579 3677 738 3745 exsculpere
756 3676 843 3746 polui.

360 3768 377 3815 4
398 3760 618 3831 Repraesentavi
644 3760 794 3814 lectionem
815 3760 895 3827 Maii,
927 3761 994 3829 quic,
1019 3779 1075 3815 nou
1102 3761 1237 3815 succurrit
1263 3764 1341 3814 certa
1367 3762 1423 3815 loci

277 3846 441 3900 emendatis
479 3847 523 3899 Du
539 3845 610 3898 Rieu
627 3844 709 3898 vidit:

614 4118 659 4170 ΔΕ
685 4158 813 4169 .....
834 4118 981 4173 ΤΟΥΤΟΝ
1010 4118 1232 4172 ἐπιδεικνύντων
1253 4118 1354 4182 θμάεοε
1378 4120 1424 4171 εύ-

277 4203 355 4257 νοῖαε
374 4200 670 4258 ΑΛΛΛΝΑΙΤΟΝΤΩΝ
690 4202 845 4255 ύποδέουει.
865 4201 962 4254 Malim
979 4203 1051 4255 fere:
1070 4202 1164 4269 φίλων
1183 4203 1213 4255 δέ
1230 4203 1265 4254 ού
1282 4209 1423 4257 τοιοῦτον

278 4288 498 4341 ἐπιδεικνύντων
517 4286 617 4350 θράεοε
635 4284 744 4339 ἐννοῖαε
763 4287 835 4339 ἀλλὰ
853 4288 1057 4341 λανθανόντων
1070 4288 1127 4340 ύπὸ
1139 4288 1227 4351 δέουε,
1243 4287 1353 4352 ἔπεμψ’
1365 4289 1423 4353 ἐγὼ

278 4374 344 4439 πρὶν
367 4372 525 4438 ἐπιτρέψηε.
562 4367 694 4423 Simililer
710 4370 772 4423 ium
789 4368 943 4436 Iacobsius‚
970 4371 1019 4424 sed
1035 4372 1163 4440 praestat
1180 4388 1198 4424 a
1214 4370 1319 4425 talibus
1339 4372 1424 4426 absti-

276 4473 343 4510 nere
359 4473 465 4510 manus.
614 4460 617 4468 '

363 4543 439 4596 blla
460 4538 558 4595 Maius.
594 4539 687 4594 Codex
708 4537 780 4593 nunc
797 4539 895 4593 habet:
920 4583 925 4592 .
947 4583 952 4592 .
974 4583 978 4593 .
1000 4584 1005 4593 .
1027 4542 1145 4596 .ΠΗΙ(.
1180 4540 1362 4595 Niebuhrius:
1391 4547 1423 4599 τύ

278 4628 308 4680 δέ
326 4631 362 4694 μὴ
381 4629 515 4693 δεύτερον
533 4627 702 4692 ἀποπέμψῃ(
722 4628 779 4693 ῷγε
798 4626 852 4677 ἔδει
872 4627 938 4692 μηδ’
956 4627 1038 4681 ἅπαξ.

363 4719 378 4765 θ
398 4710 463 4765 Ocu.
484 4712 536 4765 ούκ
555 4709 774 4777 ἀπομηεεῖμενοε
793 4710 823 4763 δὲ
841 4710 879 4763 ἐκ.

363 4794 462 4849 cuod.
481 4795 530 4848 ila.

364 4879 464 4934 scod.
483 4881 548 4933 ἀπό.

364 4963 465 5019 θΟοιῖ.
485 4965 553 5031 δήοι,
