3300 6050
267 849 330 911 216
519 843 555 897 M.
576 841 745 897 CORNELII
763 841 971 895 FltONTONlS
989 841 1166 896 EPISTULA

353 1017 494 1098 llyrium
516 1015 698 1096 buxumque
721 1016 889 1096 ceteraque
917 1013 1048 1076 tonsilia
1077 1014 1209 1077 arbusta
1232 1018 1326 1099 atque
1349 1016 1412 1079 vir-

269 1117 360 1202 gulta
387 1137 511 1179 summa
539 1114 708 1199 diligentia
737 1117 770 1177 et
798 1113 904 1177 studio
931 1114 1018 1197 radi,
1047 1116 1164 1199 rigari,
1195 1117 1275 1180 comi
1305 1117 1412 1199 solita,

269 1217 358 1281 humi
387 1221 514 1300 reptare
537 1220 593 1280 aut
619 1216 738 1279 ibidem
765 1210 851 1279 haud
881 1216 992 1300 procul
1020 1239 1038 1280 a
1066 1217 1133 1280 solo
1162 1219 1329 1282 eacumina
1354 1218 1413 1282 eri-

269 1342 359 1405 gere:
401 1322 435 1382 at
469 1318 540 1382 illas
577 1319 724 1382 intonsas
758 1318 879 1382 abietes
912 1318 1139 1402 neglectasque
1175 1320 1283 1402 piceas
1317 1323 1415 1404 caput

270 1421 430 1486 aemulum
452 1420 591 1484 nubibus
614 1419 778 1484 addere¹².

354 1522 428 1586 Non
451 1544 549 1606 aeque
572 1522 743 1606 diligentes
766 1522 806 1584 ad
829 1522 1046 1606 quaerendum
1072 1523 1191 1587 vietum
1214 1526 1247 1587 et
1270 1546 1413 1608 eompar-

271 1626 406 1690 eendum
429 1624 534 1688 cibum
556 1624 664 1687 leones
691 1626 727 1685 ut
748 1623 898 1688 formicas
921 1646 1006 1707 esse,
1030 1625 1160 1688 texendi
1182 1647 1256 1689 vero
1279 1648 1415 1689 araneas

271 1726 489 1811 diligentiores
512 1747 582 1788 esse
610 1747 704 1808 quam
727 1724 922 1809 Penelopam
947 1726 1047 1789 ullam
1069 1727 1119 1790 vel
1142 1727 1413 1791 Andromacham.

271 1828 316 1892 Et
338 1828 468 1892 omnino
485 1827 635 1892 tenuibus
658 1827 799 1910 ingeniis
815 1829 847 1890 et
871 1877 878 1890 .
905 1877 912 1890 .
938 1877 945 1890 .
971 1877 978 1892 .
1005 1879 1011 1891 .
1038 1878 1045 1891 .
1072 1879 1078 1891 .
1105 1877 1112 1892 .
1138 1877 1146 1892 .
1172 1879 1179 1892 .
1205 1879 1212 1892 .
1239 1879 1245 1905 ,
1272 1879 1414 1893 .....

274 1979 519 1995 ........
529 1929 651 2014 l²...
686 1928 931 2011 hoc..quas
967 1979 1007 1992 ..
1041 1952 1122 1993 neve
1154 1931 1195 1994 ob
1230 1980 1270 1994 ..
1303 1932 1415 1994 atvo-

271 2031 407 2095 luntaris
434 2032 517 2114 quod
545 2031 594 2094 vel
622 2030 831 2114 praecipuum
857 2052 932 2094 vero
955 2081 961 2094 .
987 2081 993 2094 .
1017 2031 1060 2094 tis
1077 2032 1246 2107 ,amicitias
1277 2082 1284 2095 .
1310 2082 1317 2095 .
1345 2031 1416 2095 dili-

271 2133 414 2217 gentiam
447 2133 609 2196 interdum
640 2181 1415 2198 ........................

604 2224 1413 2318 mmmmmmmmmm„

272 2358 310 2399 ex
333 2357 383 2399 ser
407 2385 414 2398 .
441 2385 447 2399 .
472 2335 587 2418 Quota,
611 2356 666 2398 oro
687 2338 730 2417 te,
754 2335 859 2418 portio
880 2335 1076 2399 Lucullanae
1101 2386 1108 2399 .
1135 2386 1142 2400 .
1167 2335 1303 2400 (laesum
1319 2358 1418 2400 aureo

357 2681 425 2730 ala
443 2681 567 2744 azarqine:
603 2674 731 2728 Intonsas
756 2672 864 2727 abietes
891 2676 976 2744 caput
998 2676 1137 2729 aemulum
1160 2674 1280 2728 nubibus
1301 2675 1417 2729 abdere.

273 2763 351 2827 (corr.
371 2780 422 2813 see.
441 2780 480 2822 uu,
500 2780 557 2812 nam
572 2779 615 2827 pr.
634 2779 665 2812 m.
685 2769 712 2811 al
729 2765 829 2813 videtur
846 2758 957 2813 addere.

360 2953 372 2998 1
391 2895 554 3000 ItaJ‘Codex.
586 2944 632 2999 Cf.
651 2963 757 3015 margo.

359 3037 374 3084 2
393 3031 523 3098 Sequitur
540 3050 567 3101 p.
587 3037 648 3098 230,
673 3048 744 3098 quae
763 3029 818 3099 legi
837 3031 942 3098 nequit.
980 3030 1111 3099 Sequitur
1128 3050 1154 3101 p.
1173 3039 1236 3098 243,
1259 3032 1335 3085 cuius
1355 3051 1420 3087 con-

275 3116 343 3169 ditio
363 3133 418 3169 non
437 3118 478 3169 cst
496 3116 584 3169 multo
603 3116 708 3171 melior.

358 3207 374 3254 3
393 3199 524 3268 Sequitur
542 3199 607 3255 Ocd.
627 3220 653 3269 p.
672 3208 730 3259 244.
