3300 6050
515 866 560 920 VI.
597 866 709 921 INDEX
732 863 1069 920 ORTHOGRAPHICUS.
1300 862 1364 926 279

258 1057 304 1092 000
321 1041 388 1090 2464
406 1041 501 1090 diserte
524 1039 591 1089 iulet
608 1038 687 1089 scribi
705 1052 778 1089 com·
805 1034 914 1088 Disdidi
931 1053 959 1103 p.
979 1040 1027 1088 100
1045 1053 1058 1086 e
1077 1037 1182 1086 Catone.

257 1111 323 1187 fert,
352 1120 503 1187 convellit,
529 1132 555 1175 et
577 1127 629 1175 otta
650 1125 779 1180 eternum,
805 1118 895 1185 Euro
915 1136 945 1184 a,
968 1117 1151 1186 aequiperare
1168 1135 1196 1186 p.
1215 1122 1240 1170 s.
1260 1122 1300 1170 31.
1320 1122 1360 1169 eu.

259 1225 367 1273 nonper
380 1220 439 1259 con.
465 1209 562 1259 Contra
575 1221 626 1258 con
641 1225 692 1272 pro
705 1219 779 1257 com:
841 1207 902 1268 206;
920 1201 1077 1271 tripertitus
1094 1220 1120 1271 p.
1143 1207 1199 1255 140.
1232 1205 1329 1254 Contra
1347 1218 1364 1253 0

260 1288 779 1360 0011010101).21001111011101163,
840 1307 889 1354 pro
912 1304 954 1340 ex.
971 1287 1082 1341 ostento
1109 1306 1136 1356 p.
1158 1291 1220 1352 164,
1246 1290 1364 1339 mendose

259 1376 423 1444 conpertum
439 1392 467 1443 p.
482 1379 524 1440 62,
543 1371 680 1442 conplecti
697 1391 724 1441 p.
739 1377 779 1438 61,
840 1392 896 1425 nant
915 1373 1023 1426 ostento
1041 1389 1068 1439 p.
1089 1377 1146 1424 133.
1183 1374 1223 1436 01.
1244 1374 1362 1427 0010000,

259 1458 419 1528 conpositus
441 1477 468 1527 p.
490 1463 530 1511 63.
569 1456 626 1510 Con
650 1463 744 1510 retinet
761 1475 780 1509 n
840 1456 1021 1524 Ausspr.lip.
1035 1461 1093 1519 317,
1117 1459 1263 1522 Naelrtrripe
1281 1472 1308 1522 p.
1322 1459 1362 1506 61.
1424 1478 1427 1483 ·

258 1564 280 1596 0.
296 1563 337 1611 pr.
351 1542 516 1595 conlaudare
535 1560 561 1610 p.
576 1547 617 1607 63,
635 1542 780 1594 conlocare
806 1540 889 1609 Epro
901 1539 919 1606 i,
936 1539 1064 1592 hersutus
1076 1557 1104 1607 p.
1117 1545 1173 1604 128,
1192 1538 1363 1591 delerumen—

258 1645 285 1696 p.
300 1632 340 1680 62.
360 1633 406 1692 63,
430 1626 615 1680 00010001010
632 1644 659 1694 p.
680 1631 702 1679 7.
728 1628 781 1678 Sed

259 1711 395 1765 collucere
405 1729 431 1779 p.
442 1716 489 1764 162
503 1721 528 1763 et
538 1709 693 1763 cumfestim
703 1728 730 1778 p.
738 1715 778 1764 39.

226 1795 321 1849 Conni.
341 1805 366 1848 et
385 1811 482 1848 comm.
502 1800 610 1848 uariant.

227 1879 334 1934 Cotidie
353 1890 377 1933 et
396 1878 510 1932 cottidie
530 1883 638 1931 uariaret.
675 1881 782 1945 Semper

259 1976 349 2026 tannen,
368 1974 469 2030 except.
487 1981 514 2031 p.
529 1968 587 2027 227,
606 1977 638 2015 00
654 1982 704 2029 pro
718 1978 780 2028 quc,

260 2053 334 2100 etiam
356 2052 381 2100 in
404 2052 519 2100 deriouto
542 2045 705 2100 cotidianus.
741 2051 781 2098 De

259 2136 327 2185 uocis
350 2129 451 2184 cotidie
478 2137 609 2198 scriptura
634 2135 781 2184 contrariae

258 2219 399 2269 sententiae
425 2227 483 2267 sunt
510 2220 595 2283 Lonpi
620 2232 647 2283 p.
667 2219 733 2267 2237
757 2226 782 2267 01

260 2303 366 2353 Cornuti
382 2317 410 2368 p.
429 2304 503 2355 2283.
539 2303 605 2380 Itfm
623 2307 736 2367 quaestio
752 2306 782 2365 fit

261 2390 331 2450 opud
348 2385 449 2447 Quintil.
458 2384 471 2436 I
481 2390 495 2437 7
507 2389 521 2448 ἕ
532 2389 555 2438 6.
583 2386 658 2437 Beda
676 2401 702 2451 p.
715 2388 783 2442 2344

840 1625 900 1677 tum
918 1643 944 1693 p.
960 1630 1000 1677 32.
1027 1628 1151 1676 Delatus
1170 1625 1283 1676 vocabuli
1299 1628 1364 1674 scri-

839 1720 918 1776 ptura
951 1714 1066 1777 quaestio
1096 1719 1135 1760 esi
1163 1712 1233 1774 apud
1262 1711 1364 1764 Putsclt,

840 1798 1026 1861 Lonpum2233
1037 1798 1161 1846 etineerti
1172 1797 1364 1844 000101102783.

844 1881 980 1945 Utramque
996 1881 1091 1944 probat
1108 1880 1194 1943 Caper
1211 1881 1286 1930 2248.
1309 1876 1365 1933 ¹In-

841 1961 985 2029 tellegere,
996 1960 1197 2029 intellegentia,
1207 1961 1365 2028 neglegere,

841 2045 1028 2113 neglegentia,
1046 2056 1201 2099 constanter.
1230 2048 1306 2098 Adule
1325 2045 1365 2097 in-

841 2131 979 2184 teremere
988 2148 1015 2198 p.
1027 2136 1068 2195 61,
1086 2129 1262 2204 Mauretania
1271 2147 1298 2197 p.
1308 2135 1364 2194 169,

841 2214 984 2282 phrenetis
1002 2226 1027 2268 et
1043 2213 1180 2283 phrenitis
1198 2231 1225 2282 p.
1241 2219 1297 2266 124.
1324 2217 1364 2279 01.

844 2302 961 2351 Gorssen.
991 2299 1135 2367 Autsspr.l
1163 2317 1189 2367 p.
1216 2304 1278 2364 273,
1308 2304 1365 2362 321,
1405 2326 1408 2333 ·

842 2386 949 2437 Νο01111,
967 2401 993 2451 p.
1014 2391 1054 2438 30.

261 2475 356 2522 diserte
383 2472 504 2535 praeferi
534 2484 556 2520 c.
592 2470 631 2532 01.
665 2471 781 2521 0010000.
808 2465 841 2519 Ei
861 2485 912 2534 pro
934 2466 945 2518 i
967 2472 1121 2521 archaismus
1147 2472 1366 2536 frequentissimus

260 2558 371 2621 Ausspr.
388 2553 402 2605 Ι
419 2571 446 2621 1).
465 2557 506 2605 69.

227 2637 348 2703 (leniter,
361 2637 479 2703 conisus,
498 2651 625 2702 0011011110,
643 2657 697 2691 cum
709 2643 783 2690 urtica

259 2741 277 2776 n
295 2734 450 2777 constantien.
476 2725 516 2787 01.
532 2725 649 2774 Gorssen.
671 2724 782 2788 Ausspr.

259 2809 272 2861 I
297 2827 324 2877 p.
343 2809 385 2860 84.
409 2813 450 2860 96.
491 2809 647 2859 Fleckeisen.
675 2809 784 2874 Fiinfzip

261 2895 364 2945 Artikel
380 2910 406 2960 p.
428 2895 467 2943 14.

228 2975 407 3030 00111001010
429 2985 454 3027 et
477 2974 651 3027 contractare
673 2980 784 3029 uaricum.

262 3066 302 3127 01.
323 3064 440 3114 0010000.
463 3062 572 3126 Ausspr.
591 3059 605 3111 Ι
621 3076 648 3126 p.
669 3064 726 3112 320.

227 3146 268 3198 De
281 3164 330 3211 pro
343 3143 379 3209 di,
397 3164 419 3196 o.
432 3163 472 3211 pr.
486 3140 610 3209 degredi,
630 3141 783 3209 devertere,

264 3227 435 3294 deminuere,
463 3225 617 3291 destillare,
640 3225 783 3295 destringi,

843 2571 859 2603 a
874 2557 960 2618 prima
976 2573 1063 2615 manu,
1087 2571 1158 2620 quem
1175 2557 1287 2605 secunda
1302 2571 1364 2618 pas·

842 2642 888 2689 sim
900 2643 1022 2690 conuertit
1034 2641 1061 2689 in
1072 2635 1090 2697 i,
1108 2641 1184 2689 sicuti
1193 2655 1274 2702 supra
1286 2654 1365 2703 saepe

828 2716 830 2719 ’
843 2726 1013 2783 indicaveras,
1023 2727 1071 2775 sed
1080 2740 1130 2774 000
1136 2731 1271 2788 perpetuo.
1289 2725 1366 2773 Hanc

844 2809 1007 2859 archaismum
1028 2811 1154 2872 placuisse
1177 2809 1291 2872 inprimis
1312 2809 1366 2857 Lu-

844 2895 901 2943 cilio
923 2896 1015 2943 docent
1036 2895 1141 2958 Laupas
1158 2896 1225 2943 2220
1242 2900 1268 2942 01
1286 2891 1367 2942 Scau»

844 2994 889 3027 rus
906 2980 986 3030 2255:
1006 2981 1159 3043 eundemque
1177 2980 1270 3029 diutius
1288 2979 1365 3027 aiara-

843 3064 909 3112 visse
927 3065 963 3111 ait
982 3061 1149 3122 Quintilianus
1166 3059 1206 3111 Ι7
1225 3064 1240 3123 ξ
1255 3064 1294 3111 16.
1328 3063 1366 3124 Cf.

845 3146 996 3196 Buecheler.
1021 3150 1052 3197 tie
1070 3148 1130 3196 Lat.
1156 3148 1253 3200 Declin.
1277 3161 1304 3211 p.
1324 3148 1365 3195 66.

846 3232 963 3280 Gorssen.
982 3232 1147 3297 Ausspraclte
1165 3228 1178 3280 Ι
1195 3245 1223 3296 p.
1243 3233 1300 3280 229.

263 3313 399 3368 devolsus.
424 3316 490 3366 Item
502 3309 625 3378 deligere
643 3328 670 3378 p.
684 3314 717 3364 85
734 3330 783 3379 pro
810 3310 865 3363 Ens
881 3331 932 3379 pro
946 3328 984 3377 es,
1003 3311 1112 3365 deciens
1129 3330 1157 3381 p.
1173 3318 1230 3377 183,
1248 3311 1366 3365 milliens

263 3399 379 3467 diligere
399 3399 513 3464 (011010,
532 3399 567 3462 01.
586 3413 613 3464 p.
627 3397 680 3462 26),
699 3394 783 3448 demi-

844 3415 871 3465 1).
893 3401 953 3461 167,
976 3397 1104 3462 quotiens
1127 3414 1154 3464 p.
1176 3402 1237 3463 136,
1264 3396 1367 3450 totiens

263 3478 676 3552 00111112621110111111100110.
709 3486 784 3533 etiam
843 3485 942 3548 pite.
968 3484 1022 3535 Sed
1039 3480 1184 3547 quinquies
1202 3499 1230 3549 p.
1242 3487 1298 3535 139.
1321 3487 1367 3536 00-

263 3567 411 3621 dismisisse
429 3585 456 3636 p.
470 3572 528 3631 209,
547 3570 616 3634 quod
630 3575 784 3632 postremum
842 3584 892 3631 per
917 3570 982 3618 2241
1008 3572 1100 3620 mauult
1125 3572 1200 3619 etiam
1226 3566 1317 3620 decies
1342 3579 1367 3621 et

262 3658 340 3708 scribi
356 3662 437 3716 uetat,
457 3662 559 3704 rectene
577 3670 610 3703 aa
628 3669 715 3718 secus,
736 3653 783 3703 Oa·
844 3649 949 3704 millies.
997 3656 1035 3717 01.
1068 3655 1184 3705 0010000.
1214 3655 1325 3718 Atosspr.
1354 3652 1367 3704 I

260 3758 311 3807 per
328 3756 354 3806 p.
375 3741 449 3789 2242.
487 3738 583 3788 Contra
601 3733 716 3787 dilectus
732 3753 783 3801 pro
843 3753 871 3803 p.
890 3736 954 3789 301).
975 3742 1015 3789 98.

263 3822 385 3876 delectus
402 3838 429 3888 p.
450 3825 507 3885 143,
527 3824 584 3884 199,
603 3824 664 3884 2061
684 3817 783 3871 dilibu·
810 3820 890 3874 Exim
911 3841 962 3888 pro
980 3820 1043 3873 exin
1064 3840 1091 3889 p.
1111 3827 1152 3873 31.
1188 3824 1229 3886 Cf.
1249 3824 1366 3875 Corssen.

263 3909 307 3961 tus
324 3925 352 3975 p.
367 3910 423 3970 122,
442 3909 510 3973 quod
524 3914 678 3970 postremum
694 3910 786 3957 mauult
846 3909 956 3973 Ausspr.
975 3906 987 3958 Ι
1004 3924 1032 3974 p.
1052 3910 1092 3958 67.

265 3996 349 4059 Caper
366 4008 393 4058 p.
413 3992 487 4041 2246.

779 4051 781 4054 .
810 3989 912 4043 Exstiti
931 4001 956 4044 et
974 3988 1054 4043 exuti
1070 3995 1179 4043 uariant.
1223 4006 1225 4010 ·

229 4076 359 4144 Det'etigo
377 4092 404 4143 p.
419 4079 459 4127 69.
487 4076 525 4138 01.
539 4076 657 4129 0010000.
672 4076 783 4141 Atuspr.
811 4073 947 4130 Exsuviae
964 4093 992 4144 p.
1012 4081 1069 4128 210.

263 4179 290 4230 p.
302 4166 359 4214 317.
383 4161 540 4211 Fleckeisen.
557 4161 666 4225 Fiinfuip
683 4161 786 4213 Artiltel
810 4158 870 4213 Fet
881 4160 921 4229 ph
933 4166 959 4213 in
978 4164 1083 4213 Graecis
1102 4163 1239 4214 nontimibus
1257 4165 1366 4216 uariam.
1465 4225 1470 4235 ι

263 4246 276 4298 Ι
293 4264 320 4313 p.
333 4250 372 4297 16.

846 4248 885 4310 01.
906 4248 1023 4301 Corssen.
1043 4249 1151 4311 Ausspr.
1170 4245 1183 4297 Ι
1200 4262 1228 4312 1).
1249 4250 1288 4307 68.

229 4329 353 4385 Defrudo
366 4347 393 4397 p.
405 4334 462 4382 102.
488 4331 528 4394 01.
543 4330 658 4381 0010000.
675 4331 784 4395 Ausspr.
811 4328 945 4397 Freglure
973 4347 1000 4397 p.
1022 4333 1045 4382 5.
1069 4334 1110 4381 27.
1140 4334 1185 4393 34;
1212 4328 1368 4396 fraglanter

263 4416 276 4468 Ι
293 4433 321 4483 p.
341 4419 398 4466 170.

229 4498 383 4555 Defetisccr
401 4515 428 4565 p.
444 4502 501 4549 220.
528 4499 569 4562 01.
591 4500 699 4549 0010000
717 4499 785 4549 Αο0·

263 4605 318 4653 spr.
336 4585 350 4637 Ι
367 4601 394 4652 p.
409 4587 467 4637 317.

230 4668 454 4725 Delenimentum
471 4684 499 4735 p.
519 4671 560 4719 07.

230 4755 456 4809 Deleramentum
473 4769 500 4819 p.
521 4756 561 4804 32.

845 4431 872 4481 p.
892 4418 933 4465 60.
960 4417 1030 4466 Atili
1045 4423 1128 4467 tamen
1145 4412 1266 4479 flagrare
1284 4431 1310 4481 p.
1325 4418 1366 4466 97.

847 4503 887 4550 te.
924 4501 993 4550 Nihil
1022 4516 1103 4563 porro
1129 4508 1169 4549 est
1197 4502 1268 4548 uliud
1295 4516 1369 4564 quam

846 4587 1035 4645 transmutatio,
1063 4587 1095 4634 de
1124 4600 1175 4648 qua
1198 4583 1298 4643 Quintil.
1321 4581 1368 4634 15
1393 4608 1402 4613 -

847 4671 861 4731 5
881 4670 921 4719 16.
946 4669 987 4732 01.
1008 4671 1070 4719 Lac.
1090 4668 1208 4720 Mueller.
1227 4670 1253 4717 in
1271 4668 1367 4717 Amnal.

847 4753 1006 4804 Fleckeiseni
1022 4749 1110 4804 XCIII
1126 4768 1154 4818 p.
1174 4753 1232 4804 386.

231 4840 267 4893 Di
284 4851 309 4893 et
327 4838 366 4892 dii
383 4850 408 4892 et
421 4836 466 4891 dei
477 4840 587 4889 uariant.
612 4837 786 4900 0100100011.
812 4836 839 4889 H
851 4841 964 4902 additur,
981 4836 1087 4889 harena
1098 4854 1126 4905 p.
1142 4840 1181 4900 16,
1193 4833 1273 4887 holus
1284 4852 1312 4902 p.
1328 4839 1368 4899 18,

266 4929 375 4993 Autspr.
393 4927 406 4979 Ι
423 4944 450 4995 1).
471 4929 527 4980 301.

847 4919 1021 4975 holusculum
1038 4938 1066 4989 p.
1079 4926 1137 4987 226,
1155 4918 1202 4973 hii.
1226 4918 1368 4973 Herenam
