3300 6050
665 877 946 933 PROLEGOMENA.
1308 897 1374 942 XIII

232 1052 341 1133 betur,
371 1050 485 1135 quibus
512 1073 601 1114 1111110
627 1051 661 1113 in
690 1050 884 1114 oblitteratis
906 1049 1036 1134 paginis
1058 1049 1183 1112 nullum
1205 1051 1255 1112 est
1275 1072 1374 1114 reme·
1452 1046 1455 1051 ⁴

227 1151 330 1217 dium.
375 1140 566 1216 Rectissime
589 1152 730 1216 ostendit
750 1152 915 1215 Iacobsius
937 1152 972 1214 in
989 1151 1102 1214 Diario
1124 1150 1374 1215 Zimmermanni

186 1283 188 1287 ·
233 1277 327 1338 saepe
350 1255 472 1318 Maium
502 1255 537 1317 in
566 1254 705 1317 editione
727 1252 874 1324 Romana
902 1274 960 1335 pro
984 1253 1101 1316 codicis
1124 1253 1316 1316 lectionibus
1339 1253 1374 1316 in

231 1360 356 1420 textum
377 1357 535 1438 recepisse
559 1356 757 1418 coniecturas
780 1353 1053 1436 Berolinensium3
1088 1355 1141 1437 qui
1170 1376 1267 1438 quum
1288 1353 1374 1417 haud

226 1474 305 1521 ‘raro
327 1457 500 1522 divinando
524 1457 661 1520 assecuti
684 1457 750 1519 sint
772 1456 848 1539 quid
863 1454 984 1519 Fronto
1002 1455 1135 1538 dederit,
1159 1456 1264 1519 Maius
1287 1459 1374 1520 recte

233 1582 309 1623 sane
324 1559 419 1641 secit3
439 1559 569 1621 fecisset
583 1561 693 1620 tamen
708 1559 842 1638 rectius,
867 1557 894 1619 si
909 1558 1087 1620 monuisset
1104 1557 1249 1620 lectores,
1286 1558 1374 1620 Alibi

233 1683 356 1744 quoque
378 1661 427 1723 vir
450 1659 720 1723 eminentissimus
744 1659 943 1722 coniecturas
966 1660 1099 1742 recipit,
1124 1681 1204 1742 quae
1228 1649 1300 1722 cum
1324 1681 1373 1723 co-

232 1762 302 1845 dice
316 1763 386 1847 ipso
401 1762 532 1825 minime
556 1761 762 1825 conveniunt.
792 1760 963 1824 Lectorum
984 1783 1099 1844 parum
1120 1760 1293 1824 interesset
1314 1760 1375 1824 hoc

232 1863 328 1946 scire,
359 1864 386 1926 si
418 1864 515 1926 codex
538 1862 770 1925 Ambrosianus
792 1862 910 1945 ubique
932 1862 998 1946 legi
1019 1866 1144 1946 posset3
1177 1884 1306 1944 verum,
1339 1865 1375 1924 ut

187 1995 188 1999 ¹
233 1965 307 2047 dixi,
332 1965 500 2048 pleraeque
523 1965 662 2048 paginae
684 1964 814 2048 nigrum
838 1965 974 2027 colorem
997 1964 1171 2046 duxerunt,
1194 1964 1230 2026 in
1251 1964 1291 2027 iis
1315 1964 1374 2048 igi-

232 2069 286 2128 tur
307 2066 481 2149 pendemus
505 2087 521 2128 e
544 2065 639 2127 dubia
661 2064 740 2129 Maii
768 2065 840 2128 fide.
885 2064 1068 2127 istiusmodi
1097 2065 1175 2128 locis
1202 2065 1267 2128 feci
1289 2066 1373 2148 quod

233 2167 334 2230 solum
356 2167 446 2250 potui
462 2170 494 2230 et
509 2167 661 2249 descripsi
684 2166 837 2229 lectiones
860 2188 939 2248 quas
958 2165 1087 2229 exhibet
1103 2166 1199 2229 editio
1214 2166 1372 2249 Romana,

233 2269 287 2330 sed
309 2290 484 2351 numquam
507 2268 635 2352 neglexi
657 2289 802 2349 monere,
819 2267 854 2339 ,si
876 2267 1004 2350 quando
1025 2268 1169 2331 incertae
1190 2267 1319 2332 litterae
1342 2272 1375 2332 et

233 2369 404 2433 volitantes
434 2371 527 2449 amici
557 2370 659 2433 aciem
687 2370 870 2452 effugerint.
915 2368 999 2432 Fieri
1027 2373 1134 2452 potest
1160 2373 1197 2432 ut
1224 2370 1278 2452 qui
1300 2373 1374 2453 post
1411 2368 1415 2373 ’

231 2471 351 2553 veniat,
374 2470 428 2535 hic
449 2471 515 2535 illic
538 2471 634 2554 paulo
655 2471 748 2553 plura
771 2470 946 2533 describat:
970 2473 1002 2534 01
1018 2471 1110 2534 credo
1125 2493 1203 2534 sane
1225 2471 1271 2535 ita
1292 2472 1387 2554 fore,¹

231 2595 308 2635 uam
330 2595 367 2635 ea
388 2573 455 2635 fere
478 2577 527 2636 est
549 2574 775 2655 rescriptorum
796 2573 940 2635 codicum
960 2575 1093 2654 natura,
1117 2575 1154 2635 ut
1175 2596 1269 2637 nemo
1291 2596 1374 2636 unus

231 2674 339 2736 omnia
356 2673 524 2737 exhaurire
546 2674 661 2757 possit,
684 2675 739 2737 sed
760 2674 913 2757 pleraque
931 2677 1061 2737 aeterna
1076 2696 1141 2737 nox
1162 2676 1281 2758 premit
1302 2697 1372 2758 pre-

231 2779 370 2859 metque.
400 2775 439 2838 111
454 2776 545 2838 novis
561 2776 693 2839 venenis
709 2775 798 2839 nulla
820 2775 915 2838 salus.
948 2774 1074 2839 Codicis
1096 2775 1371 2860 orthographiam,

231 2877 421 2960 utquisque
444 2877 644 2940 considerare
667 2881 776 2960 posset
803 2877 880 2959 quid
902 2876 1058 2939 Frontoni
1080 2877 1241 2959 peculiare
1262 2879 1371 2961 fuerit,

231 2977 307 3062 quid
329 2977 452 3042 librarii
475 2978 668 3062 invexerint,
693 2979 879 3063 plerumque
894 2978 1024 3042 retinui,
1055 2979 1095 3042 111
1111 2982 1253 3044 extrema
1270 2981 1372 3044 cuius·
1448 2963 1453 2971 ¹

232 3101 293 3162 que
315 3082 535 3163 quaternionis
557 3082 679 3164 pagina
702 3081 895 3144 adscribitur
915 3102 1077 3145 numerus.

317 3180 379 3244 Sed
408 3182 577 3245 dicendum
600 3185 649 3244 est
679 3184 717 3245 de
741 3186 928 3246 correctore.
977 3182 1175 3246 Emendatus
1203 3184 1300 3247 codex
1323 3189 1372 3247 est

234 3282 356 3345 collatis
385 3284 619 3366 exemplaribus
647 3307 665 3346 a
695 3283 833 3347 Caecilio
859 3285 1010 3367 quodam,
1048 3285 1136 3348 cuius
1158 3306 1276 3348 nomen
1299 3308 1371 3347 cum

141 3423 150 3431 -
229 3382 305 3446 olim
338 3384 499 3467 legeretur
539 3386 574 3447 in
612 3388 752 3448 extremo
789 3386 871 3448 libro
903 3384 952 3448 III
986 3386 1026 3447 ad
1059 3385 1243 3468 Caesarem,
1283 3409 1372 3450 1111110

229 3506 358 3566 prorsus
382 3486 523 3549 evanuit.
569 3485 703 3560 Quando
725 3487 786 3549 iste
810 3486 967 3550 Caecilius
989 3485 1114 3568 vixerit,
1138 3509 1205 3550 non
1228 3490 1371 3551 constat:

230 3586 332 3649 utitur
354 3586 471 3650 litteris
495 3588 644 3670 cursivis,
667 3587 848 3669 inclinatis,
872 3610 953 3671 quae
969 3588 1188 3671 negligentior
1210 3589 1369 3671 scriptura

230 3688 281 3749 vel
313 3689 543 3772 antiquissimis
576 3690 771 3772 temporibus
803 3690 838 3752 111
866 3712 925 3751 usu
950 3690 1023 3752 fuit.
1068 3689 1183 3764 Itidem
1215 3689 1269 3752 1110
1301 3690 1368 3753 11110

231 3792 364 3871 apparet
386 3790 421 3852 in
442 3791 589 3873 margine
612 3790 717 3853 Orosii
740 3790 864 3855 Codicis
880 3790 1069 3853 Florentini.
1098 3791 1212 3854 Amico
1228 3813 1299 3854 meo
1321 3813 1371 3855 co-

230 3888 290 3952 dex
313 3891 498 3954 emendatus
520 3891 646 3954 videtur
672 3891 757 3954 haud
779 3892 825 3954 ita
848 3891 912 3973 diu,
936 3894 1108 3974 antequam
1130 3893 1368 3956 rescriberetur.

185 4047 188 4051 .
231 3989 397 4054 Corrector
420 3992 574 4055 vocabula
604 3993 791 4056 continuata
813 3993 923 4055 divisit
945 4015 981 4055 eo
1004 3994 1097 4077 siguo
1120 3994 1202 4076 quod
1225 3995 1307 4076 dixi,
1338 3998 1371 4058 et

135 4141 139 4150 ,
229 4091 264 4153 111
286 4093 443 4175 margine,
468 4094 623 4175 quaesibi
640 4096 754 4156 notatu
776 4094 876 4177 digua
898 4094 1091 4177 viderentur,
1115 4094 1270 4159 indicavit
1291 4096 1368 4159 lem-

228 4194 340 4257 matis:
377 4194 498 4257 scholia
521 4198 606 4257 certe
629 4195 690 4257 dici
713 4218 780 4258 uon
802 4198 945 4278 possunt.
992 4195 1093 4279 Saepe
1116 4198 1301 4261 emendator
1322 4220 1369 4261 re-

205 4302 208 4307 '
228 4294 344 4376 petivit
366 4317 464 4357 unam
485 4295 632 4377 pluresve
655 4298 842 4388 sententias,
867 4318 946 4380 quae
968 4296 1029 4359 sibi
1043 4298 1263 4361 memorabiles
1285 4300 1369 4362 vide-

146 4429 151 4438 =
229 4398 357 4471 rentur⁷
381 4417 474 4479 saepe
498 4396 576 4458 satis
599 4395 713 4459 habuit
735 4419 835 4459 unum
857 4398 989 4460 verbum
1011 4398 1106 4480 paulo
1129 4398 1231 4462 rarius
1254 4398 1369 4462 exscri-

228 4497 314 4579 bere,
338 4496 517 4578 intcrdum,
541 4497 651 4579 paucis
674 4497 779 4561 ‘verbis
801 4499 1007 4581 transpositis
1030 4501 1062 4561 et
1084 4499 1277 4581 immutatis,
1300 4499 1368 4563 fere

228 4596 391 4681 integram
413 4599 570 4681 paginam
591 4598 830 4680 transscripsit,
864 4599 919 4660 sed
946 4598 1036 4661 nulla
1064 4602 1113 4661 est
1140 4600 1175 4661 in
1202 4599 1252 4661 his
1281 4604 1368 4663 certa

229 4698 326 4780 ratic,
348 4699 383 4761 in
407 4702 549 4761 extrema
571 4698 687 4761 codicis
708 4701 816 4781 parte,
841 4721 932 4781 quae,
956 4701 993 4761 ut
1013 4699 1094 4781 dixi,
1118 4698 1292 4765 Mediolani
1315 4704 1368 4766 ad-

229 4802 383 4880 servatur,
407 4799 502 4881 paulo
524 4800 617 4883 plura
639 4800 792 4881 enotavit,
816 4801 871 4862 sed
895 4799 1018 4863 Graeca
1039 4823 1105 4864 non
1127 4803 1247 4886 attigit.
1279 4802 1368 4868 Cete-

170 4927 173 4933 ’
228 4922 299 4963 rum
320 4900 466 4963 dubitare
488 4903 601 4984 possiS,
625 4904 733 4964 utrum
749 4900 907 4965 Caecilius
921 4902 1020 4965 fuerit
1034 4904 1088 4986 qui
1103 4904 1208 4986 ipsum
1223 4909 1367 4970 nostrum
