3300 6050
500 827 548 881 AD
566 829 602 882 M.
622 828 842 882 ANTONINUM
860 828 908 881 DE
926 827 1166 899 ELOQUENTIA.
1345 832 1403 895 151

348 999 430 1062 Tum
457 1000 483 1061 si
512 999 639 1082 quando
661 999 721 1063 tibi
744 999 885 1083 negotiis
908 998 1055 1062 districto
1077 999 1257 1082 perpetuis¹
1290 999 1405 1063 oratio-

263 1102 314 1165 nis
337 1100 589 1164 conscribundae
610 1103 737 1183 tempus
761 1100 895 1182 deesset,
918 1121 1027 1163 nonne
1042 1103 1074 1163 te
1090 1100 1314 1164 tumultuaris²
1337 1101 1404 1183 qui-

263 1203 397 1266 busdam
420 1205 452 1265 et
473 1200 658 1265 lucrativis³
680 1201 858 1264 studiorum
887 1200 1013 1264 solaciis
1043 1200 1236 1283 fulciebas²,
1267 1222 1405 1284 synony-

263 1304 323 1367 mis
347 1302 545 1387 colligendis
569 1302 674 1366 verbis
696 1302 858 1366 interdum
874 1301 1091 1385 singularibus
1107 1302 1328 1386 requirendis?
1350 1303 1406 1365 ut⁴

262 1412 406 1468 veterum
433 1405 605 1484 commata,
640 1406 676 1466 ut
710 1403 800 1466 cola5
828 1403 1089 1486 synonimorumb
1118 1406 1242 1466 ratione
1277 1424 1405 1467 conver·
1465 1448 1467 1453 ι

262 1509 363 1589 teres,
387 1508 423 1569 ut
445 1505 483 1568 de
505 1504 689 1588 vulgaribus
711 1504 891 1589 elegantia,
921 1505 959 1568 de
982 1504 1210 1568 contaminatis
1232 1526 1315 1568 nova
1337 1504 1405 1568 red-

263 1608 382 1690 deresss,
416 1607 592 1690 imaginem
619 1604 759 1688 aliquam
787 1606 1058 1689 accommodares,
1093 1606 1231 1689 figuram
1257 1605 1403 1688 inicere-a,

262 1709 368 1792 prisco
391 1709 486 1772 verbo
502 1708 685 1790 adornares
711 1707 848 1771 colorem
862 1707 1062 1773 vetusculum
1078 1706 1279 1790 adpingeres.
1315 1707 1406 1770 Haeo

263 1810 288 1872 si
311 1813 480 1892 propterea
503 1809 696 1891 contemnis,
729 1809 803 1892 quia
832 1809 987 1891 didicisti,
1017 1808 1253 1892 philosophiam
1282 1829 1406 1891 quoque

262 1910 412 1974 discendo
435 1914 630 1974 contemnes.

347 2010 489 2075 sednon
505 2015 634 2076 essunt
654 2012 717 2075 ista
731 2033 812 2095 quae
835 2011 936 2094 possis
960 2014 1180 2076 contemnere:
1202 2011 1304 2092 possis
1327 2032 1404 2074 sane

261 2136 327 2178 non
350 2135 466 2176 amare.
497 2112 543 2177 Ut
564 2113 641 2176 olim
662 2112 796 2178 Crassus
817 2112 921 2176 tristis
943 2112 1043 2176 risum
1065 2112 1212 2195 oderat⁶3
1235 2115 1272 2175 ut
1293 2114 1404 2175 nostra

261 2216 314 2279 hic
335 2211 488 2278 memoria
510 2213 661 2278 Crassus⁷
676 2214 781 2278 lucem
802 2213 992 2297 fugitavitl3
1015 2217 1052 2277 ut
1073 2215 1184 2277 nostra
1205 2213 1317 2277 itidem
1339 2235 1403 2276 me-

261 2317 362 2380 moria
388 2315 438 2379 vir
461 2314 636 2379 consularis
660 2337 788 2398 campos
810 2315 1020 2397 formidabat,
1050 2314 1232 2397 pomtinum
1255 2335 1403 2393 campum
1508 2314 1522 2335 ⁰

263 2467 659 2482 .............
670 2416 697 2500 l⁸
722 2465 729 2479 .
755 2465 795 2479 ..
841 2415 896 2479 An
923 2414 984 2478 tibi
1012 2436 1107 2498 saepe
1137 2465 1143 2478 .
1169 2465 1176 2478 .
1200 2415 1401 2498 supersit..

261 2522 370 2582 tamen
392 2518 417 2597 si
441 2517 574 2582 dixisses
596 2539 839 2599 nonnumquam
862 2567 869 2580 .
895 2567 902 2581 .
926 2517 1003 2580 satis
1028 2515 1241 2581 consuluisses
1264 2567 1296 2580 ..
1324 2517 1375 2580 is.
1394 2568 1400 2580 .

261 2642 358 2703 supra
381 2670 387 2682 .
413 2670 419 2683 .
444 2619 548 2682 adhuc
571 2669 578 2682 .
604 2669 611 2682 .
634 2619 772 2682 modum.
816 2618 937 2682 Verum
966 2619 1063 2681 etiam
1089 2639 1184 2700 saepe
1206 2617 1255 2681 vir
1277 2617 1402 2701 sapien-

261 2721 401 2785 tissimus
425 2771 432 2784 .
456 2771 463 2784 .
487 2721 590 2784 nescit
611 2741 694 2784 novo
715 2719 811 2803 plane
834 2719 937 2784 modo,
983 2719 1045 2783 Sed
1066 2719 1113 2783 ita
1135 2740 1186 2782 res
1208 2718 1352 2782 tulermit
1368 2769 1400 2783 ..

261 2824 299 2886 de
328 2825 423 2905 puteo
446 2843 578 2905 quoque.
623 2821 743 2885 Puteus
775 2821 850 2885 istic
877 2821 983 2885 minus
1010 2821 1182 2884 sorderet.
1207 2870 1214 2884 .
1239 2821 1264 2883 si
1292 2819 1339 2883 ita
1361 2871 1368 2883 .
1394 2871 1400 2883 .

260 2923 327 2987 Ver
344 2974 350 2986 .
369 2927 462 2986 .·tum
483 2923 563 2985 mihi
587 2971 757 2985 ......
780 2922 985 3004 sentenlltias
1006 2922 1202 3005 inopinatas,
1226 2921 1322 2985 aliis.
1342 2972 1348 2985 .
1367 2972 1399 2984 ..
1504 3011 1510 3018 ι

260 3026 409 3088 tactas¹⁰.
440 3023 544 3087 Tanto
566 3025 668 3087 maius
690 3023 868 3106 periculum
890 3023 1060 3087 sententiis
1082 3023 1177 3105 inest,
1200 3022 1262 3087 nisi
1284 3025 1402 3107 figura-

260 3125 402 3189 tionibus
424 3125 595 3189 moderatis
617 3128 848 3207 temperantur.
880 3123 1012 3188 Graecis
1027 3125 1132 3189 verbis
1153 3125 1289 3217 fortasse
1312 3147 1401 3207 aper-

345 3446 362 3483 a
382 3433 413 3482 In
431 3434 557 3496 raarpine:
575 3427 604 3481 Si
622 3429 732 3497 tempus
751 3427 910 3481 deesset-
928 3426 1069 3480 fulciebas.

344 3514 362 3567 b
381 3517 415 3566 In
432 3519 556 3581 margine:
579 3513 704 3566 veterum
718 3512 862 3565 ¹commata
880 3513 908 3565 et
926 3511 987 3564 cola
1005 3512 1219 3579 synonimorum.

344 3601 410 3651 cIn
427 3604 553 3666 margine:
572 3598 603 3650 ut
621 3597 655 3650 dc
673 3595 836 3664 vulgaribus
853 3626 886 3634 —
904 3596 1043 3649 redderes.

343 3682 361 3733 d
382 3686 415 3735 In
432 3688 557 3750 marpine:
577 3681 693 3736 Crassus
715 3680 803 3733 tristis
826 3681 910 3734 risum
940 3680 1050 3746 oderat,
1077 3680 1149 3733 alter
1171 3679 1285 3734 Crassus
1311 3680 1401 3733 minor

261 3768 351 3820 lucem
369 3767 508 3836 fugitavat
525 3766 667 3832 multaque
684 3764 747 3819 loca
764 3765 858 3819 clausa
874 3764 1004 3819 lecticula
1020 3764 1293 3832 praetervehebatur.

346 4028 358 4073 1
378 4020 435 4074 Ser.
454 4031 603 4087 perpetuae.
640 4022 799 4082 Niebultrius.
835 4017 986 4086 Hauptius:
1002 4024 1128 4086 perpetis.

345 4105 422 4158 alta
440 4102 540 4157 Codex.

345 4188 567 4243 3Buttmannus
592 4185 671 4241 iubet
693 4188 817 4241 conferre
846 4185 1039 4255 Spaldingium
1064 4186 1101 4241 ad
1123 4185 1235 4251 Quintil.
1257 4186 1289 4241 X.
1311 4193 1334 4240 7.
1357 4194 1397 4241 27.

343 4272 406 4325 4F.
427 4282 470 4325 αιιι
487 4283 522 4324 ut.
559 4274 718 4326 Nicbudrius.

344 4362 360 4409 5
378 4354 483 4409 Codex:
501 4362 579 4408 colas.

344 4438 446 4492 6Plin.
466 4438 499 4492 N.
516 4439 550 4491 H.
569 4438 628 4492 VH.
649 4445 689 4493 19.

344 4522 515 4591 ispanias.
535 4522 619 4576 Hadr.
640 4539 662 4576 c.
682 4527 705 4576 5.
742 4522 794 4575 Dio
813 4523 843 4576 C.
861 4529 902 4576 68.
921 4532 945 4578 3.
969 4529 1008 4576 16.
1044 4527 1138 4576 Maias.

344 4614 359 4660 8
378 4606 508 4674 Sequitur
526 4606 592 4661 Cod.
610 4624 637 4676 p.
651 4601 710 4673 386,
727 4606 756 4658 in
774 4623 830 4673 qua
846 4607 928 4661 hodio
947 4606 1015 4660 nihil
1033 4606 1150 4660 discerni
1168 4608 1261 4676 potest
1277 4608 1399 4676 praeter-

260 4708 343 4759 quam
360 4692 389 4744 in
407 4690 544 4759 margine:
564 4695 603 4743 De
622 4693 747 4743 Anticllia.
1016 4760 1019 4764 ⁴

343 4782 358 4829 9
376 4774 477 4844 Incipit
495 4774 561 4829 Cod.
579 4792 607 4843 p.
627 4778 688 4839 385,
707 4775 834 4841 obscura,
852 4775 881 4828 in
899 4792 955 4842 qua
972 4792 1113 4845 perpauca
1130 4776 1187 4844 legi
1204 4778 1361 4844 potuerrmt.

327 4865 359 4914 10
375 4860 420 4914 lta
438 4859 543 4925 Codcx;
565 4858 654 4913 Maius
672 4860 839 4927 expectatae.
