3300 6050
613 867 662 922 AD
680 864 901 920 ANTONINUM
917 865 1014 919 PIUM.
1322 869 1381 932 167

522 1038 616 1103 ΙΙΙΙ.
655 1039 805 1104 Domino
827 1038 903 1102 Meo
926 1037 1100 1103 (laeserit

325 1173 435 1258 Niger
449 1173 619 1239 Censorius
642 1176 726 1239 diem
748 1196 840 1237 suum
862 1174 952 1238 obiit.
983 1173 1203 1249 Quincuncem
1225 1154 1381 1238 bonorum

242 1298 369 1340 suorum
401 1276 494 1340 nobis
523 1277 652 1361 reliquit
679 1278 873 1340 testamento
907 1279 1013 1340 cetera
1039 1276 1190 1358 honeste,
1224 1277 1309 1360 quod
1341 1278 1381 1340 ad

242 1379 338 1441 verba
366 1400 439 1442 vero
467 1379 591 1442 adtinet
619 1378 871 1442 inconsiderato:
908 1378 942 1440 in
970 1398 1032 1461 quo
1059 1378 1125 1440 irae
1153 1376 1256 1462 magis
1285 1400 1381 1460 quam

241 1479 364 1542 decori²
387 1502 443 1543 suo
467 1480 636 1544 consuluit.
681 1478 911 1543 inclementius
940 1480 1026 1542 enim
1053 1501 1241 1563 progressus
1270 1483 1318 1542 est
1345 1480 1380 1542 in

242 1579 373 1645 Gavium
395 1580 589 1645 llllarimum3
606 1581 817 1648 clarissimum
840 1585 872 1644 et
894 1581 987 1644 nobis
1009 1581 1242 1644 observandum
1265 1581 1377 1643 virum.

326 1684 375 1747 Ob
409 1706 479 1747 eam
512 1705 579 1747 rem
612 1681 827 1746 necessarium
854 1681 959 1747 'visum
985 1682 1124 1748 scribere
1156 1704 1207 1745 me
1241 1681 1380 1745 Domino

239 1787 349 1848 nostro
382 1785 467 1869 patri
495 1789 551 1850 tuo
580 1789 612 1849 et
639 1785 702 1868 ipsi
726 1784 824 1849 Gavio
846 1784 987 1848 Maximo
1015 1784 1224 1849 difficillimae
1251 1784 1379 1868 quidem

239 1887 372 1950 rationis
395 1887 566 1971 epistulas:
603 1887 639 1950 in
661 1886 776 1970 quibus
804 1889 837 1949 et
858 1886 981 1950 factum
1002 1887 1097 1970 Nigri
1119 1887 1197 1970 mei,
1226 1886 1310 1970 quod
1331 1889 1379 1950 in-

238 1989 429 2070 probabam‚
452 2011 519 2053 non
541 1988 792 2072 repraehendere
815 1989 1002 2072 nequibam3
1029 1991 1192 2051 ettamen
1215 1989 1310 2052 amici
1333 1993 1380 2052 at-

238 2112 299 2173 que
321 2089 446 2155 heredis
469 2083 621 2172 officium,
653 2093 689 2153 ut
710 2112 769 2174 par
791 2093 876 2172 erat,
905 2091 1044 2154 retinere
1067 2091 1244 2174 cupiebam.
1289 2091 1379 2155 Haec

238 2213 297 2276 ego
319 2195 363 2274 te,
387 2195 423 2256 ut
438 2214 509 2256 mea
524 2193 632 2256 omnia
648 2195 763 2274 cetera,
789 2192 870 2256 scire
887 2192 988 2256 volui:
1013 2193 1165 2256 conatus⁴
1181 2192 1378 2257 mehercules

238 2293 277 2355 ad
304 2296 336 2356 te
365 2315 488 2377 quoque
518 2294 556 2357 de
579 2294 689 2357 eadem
711 2316 744 2357 re
767 2294 955 2376 prolixiores
983 2293 1107 2357 litteras
1135 2294 1288 2358 scribere:
1322 2297 1377 2358 sed

236 2396 418 2459 recordanti
442 2398 566 2459 cuncta·
580 2394 660 2458 mihi
675 2396 788 2459 melius
810 2395 914 2458 visum
935 2417 1002 2460 non
1024 2396 1199 2460 obtundere
1219 2399 1252 2459 te
1274 2419 1376 2480 neque

237 2518 255 2557 a
277 2496 453 2579 potioribus
475 2519 617 2561 avocare.

484 2649 525 2714 V.
569 2648 751 2716 Antonino
773 2649 840 2714 Pio
862 2646 953 2730 Aug.
976 2650 1124 2714 Fronto.

319 2784 433 2850 Vitae⁵
460 2808 549 2850 meae
578 2789 669 2870 parte
698 2786 870 2870 adpicisci6
892 2787 1000 2868 cupio,
1030 2789 1067 2848 ut
1087 2789 1120 2851 te
1150 2787 1375 2869 complecterer

233 2887 419 2951 felicissimo
448 2891 481 2951 et
507 2888 707 2971 optatissimo
736 2888 810 2952 initi
832 2887 959 2971 imperii
981 2887 1031 2950 die
1042 2937 1051 2969 ‚
1087 2909 1181 2971 quem
1209 2911 1268 2973 ego
1291 2890 1375 2953 diem

233 2988 376 3052 natalem
402 2989 531 3071 salutis,
561 2989 746 3074 dignitatis,
783 2989 964 3055 securitatis
992 3011 1082 3054 meae
1110 2990 1266 3055 existimo.
1312 2990 1374 3056 Sed

233 3090 322 3152 dolor
343 3092 443 3153 umeri
473 3091 595 3173 gravis,
632 3092 762 3155 cervicis
788 3113 863 3154 vero
890 3091 991 3154 multo
1019 3092 1227 3175 gravissimus
1254 3094 1301 3156 ita
1322 3116 1373 3156 me

233 3190 366 3272 adflixit,
390 3193 426 3254 ut
449 3191 552 3256 adhuc
574 3214 673 3276 usque
688 3193 741 3256 vix
756 3192 913 3256 inclinare
935 3214 986 3255 me
1009 3192 1059 3256 vel
1081 3193 1204 3278 erigere
1226 3194 1276 3256 vel
1300 3215 1372 3258 con-

233 3295 355 3356 vertere
383 3292 517 3376 possim:
554 3293 601 3356 ita
629 3293 784 3357 immobili
813 3294 934 3357 cervice
958 3296 1039 3356 utor.
1085 3292 1146 3357 Sed
1169 3295 1253 3377 apud
1274 3296 1372 3358 Lares

231 3394 370 3458 Penates
394 3395 530 3479 deosque
563 3395 737 3459 familiares
766 3417 853 3458 meos
880 3398 913 3457 et
939 3395 1061 3458 reddidi
1084 3398 1117 3458 et
1139 3396 1263 3479 suscepi
1286 3399 1369 3479 vota,

232 3500 264 3560 et
291 3499 460 3579 praecatus
488 3518 573 3580 sum,
603 3499 651 3559 uti
679 3519 765 3561 anno
792 3497 978 3580 insequenti
1006 3496 1055 3559 bis
1083 3499 1116 3559 te
1145 3497 1371 3580 complecterer

230 3598 294 3661 ista
322 3597 387 3681 die,
426 3598 475 3661 bis
503 3601 614 3682 pectus
636 3602 728 3662 tuum
750 3602 782 3662 et
809 3620 924 3661 manus
953 3598 1168 3681 exoscularer,
1203 3600 1370 3681 praeteriti

231 3698 324 3761 simul
346 3699 399 3762 et⁷
421 3700 600 3783 praesentis
623 3703 701 3764 anni
723 3701 825 3764 vicem
847 3722 1050 3783 persequens

487 3851 549 3916 VI.
593 3850 647 3917 Ab
675 3850 850 3941 Augusto
866 3819 1109 3935 Rescriptum.

314 3970 393 4035 Cum
420 3972 502 4034 bene
530 3974 713 4055 perspectas
735 3972 873 4035 habeam
895 3972 1126 4036 sincerissimas
1148 3973 1182 4036 in
1209 3996 1259 4037 me
1283 3976 1367 4039 adfe-

229 4073 356 4135 ctiones·
383 4075 471 4153 tuas,
505 4075 574 4135 tum
603 4076 635 4137 et
661 4095 700 4137 ex
725 4094 795 4137 meo
822 4073 928 4137 animo
953 4094 1020 4137 non
1042 4074 1171 4137 difficile
1197 4080 1271 4138 miti
1295 4097 1367 4155 per-

313 4245 326 4292 1
345 4240 431 4293 Deest
447 4240 476 4293 in
493 4239 594 4294 Indice.

311 4330 326 4377 2
346 4323 410 4377 eod.
430 4343 471 4393 pr.
492 4342 528 4377 m.
548 4330 657 4379 decoris.

311 4416 326 4462 3
345 4407 397 4472 Qui
415 4409 466 4461 sub
478 4408 528 4463 Pio
547 4411 703 4477 praefectus
714 4410 857 4479 praetorio
870 4411 930 4465 fuit.
955 4413 989 4465 cf.
1004 4412 1113 4466 Gruter.
1127 4412 1253 4481 Inscript.
1268 4419 1325 4467 258.
1340 4420 1363 4468 8.

226 4493 294 4547 Plin.
313 4493 363 4561 Ep.
382 4494 429 4547 ΙΙΙ.
449 4499 472 4546 2.
502 4497 595 4549 Maias.
620 4494 651 4546 ln
668 4494 718 4547 Ed.
737 4494 849 4548 Mediol.
868 4512 1017 4565 perperam
1033 4496 1148 4565 legitur:
1167 4501 1365 4552 observandissi-

225 4599 294 4632 mum.
329 4578 394 4631 Mox
412 4576 477 4631 (lod.
497 4596 539 4646 pr.
558 4595 594 4631 m.
613 4583 762 4640 scriberem:
780 4596 833 4633 sec.
853 4598 889 4632 m.
908 4585 1021 4633 seribere
1038 4600 1082 4633 rue.

307 4667 323 4714 4
341 4662 442 4730 incipit
461 4661 525 4715 dod.
548 4680 574 4730 p.
595 4668 652 4716 348.

309 4748 374 4800 5111
392 4745 497 4800 Indice:
518 4751 609 4801 Uarius
625 4754 692 4802 citae
711 4749 763 4802 cet.
782 4748 969 4803 Heindorfius:
989 4754 1080 4804 Curius
1097 4770 1169 4820 quam
1186 4771 1209 4804 a.

307 4836 323 4883 6
341 4831 385 4885 Ita
402 4831 503 4886 Codex.

308 4921 321 4969 7
341 4914 446 4971 Codex:
465 4936 504 4975 ea.

1469 2207 1491 2283 p.
1506 2208 1560 2257 m
