3300 6050
281 898 356 943 xxx
380 921 384 952 ,
537 945 542 952 ,
715 877 997 932 rnonnconnm.

367 1048 502 1114 Ciroiter
524 1070 645 1111 annum
669 1049 729 1112 163
751 1049 802 1112 vel
824 1049 920 1132 paulo
941 1051 1016 1132 post
1037 1049 1174 1132 scriptas
1196 1069 1264 1110 esse
1288 1049 1424 1112 coniicio

280 1153 347 1213 tres
375 1149 526 1233 epistolas
555 1151 671 1213 amoris
698 1151 812 1233 plenas
842 1152 882 1214 ad
910 1152 1033 1214 Anton.
1057 1150 1084 1233 1,
1108 1152 1140 1214 3.
1162 1150 1193 1213 4.
1217 1151 1249 1213 5.
1299 1151 1426 1234 Operae

281 1252 421 1335 pretium
449 1254 499 1315 est
525 1252 648 1335 videre,
683 1256 804 1336 quanto
835 1275 929 1336 opere
957 1252 1166 1336 philosophus
1195 1251 1358 1316 rhetorem
1380 1253 1425 1315 di-

281 1353 405 1416 lexerit.

366 1454 475 1518 Rebus
498 1455 533 1518 in
548 1454 641 1538 Syria
662 1478 813 1539 prospere
836 1457 947 1540 gestie,
972 1457 1100 1520 circiter
1115 1479 1237 1520 annum
1254 1456 1324 1538 165,
1349 1456 1426 1519 scri-

281 1560 338 1639 pta
361 1560 410 1620 est
431 1557 530 1641 longa
553 1557 593 1619 ad
615 1556 736 1620 Veram
758 1557 894 1641 epistola
908 1557 951 1639 Π,
971 1559 999 1639 1,
1022 1557 1057 1621 in
1079 1580 1142 1641 qna
1165 1558 1254 1620 ducis
1277 1558 1426 1641 eloquen-

281 1660 328 1722 tia
356 1660 445 1722 min's
471 1659 586 1721 modis*
600 1660 635 1721 in
663 1659 787 1726 caelum
810 1660 951 1723 effertur.
996 1659 1098 1734 Quam
1127 1683 1226 1743 quum
1248 1659 1426 1743 accepisset

282 1761 470 1824 Antoninus
492 1761 680 1846 legendam,
705 1762 834 1844 scripsit
855 1760 899 1843 ΙΙ,
922 1762 961 1844 33
984 1762 1067 1844 quod
1089 1761 1261 1824 dolendum
1284 1764 1349 1843 est,
1378 1783 1427 1823 re-

283 1863 413 1946 spondit
439 1862 611 1927 Frontonis
639 1863 776 1945 epistola
802 1863 946 1928 nondum
979 1863 1077 1926 lecta:
1114 1864 1223 1947 itaque
1250 1864 1331 1926 scire
1359 1885 1427 1927 non

282 1986 466 2046 possumus,
495 1964 572 2047 quid
599 1966 638 2027 de
664 1968 733 2027 tam
766 1964 860 2026 foeda
894 1965 1077 2027 adulatione
1109 1965 1309 2028 iudicaverit.
1354 1963 1427 2027 Hoc

284 2069 369 2130 certe
390 2067 482 2130 video
503 2065 701 2129 Frontonem
723 2066 758 2128 in
780 2064 891 2129 Marco
913 2066 1072 2129 laudando
1101 2066 1201 2130 solere
1230 2088 1298 2129 esse
1321 2066 1426 2129 mode-

282 2168 422 2231 stiorem.

366 2268 441 2332 Non
474 2269 625 2333 definiam
656 2272 784 2352 tempus
817 2292 880 2353 quo
912 2270 1031 2333 Fronto
1060 2269 1196 2332 Gavium
1229 2269 1359 2333 Clarum
1390 2271 1426 2333 in

282 2372 395 2434 Asiam
421 2372 640 2455 profecturum
670 2371 756 2433 Vero
786 2373 1035 2452 commendavit,
1064 2370 1113 2452 ll,
1144 2371 1172 2434 7.
1226 2370 1287 2434 Sed
1322 2370 1427 2435 Verus
1472 2382 1479 2394 “

282 2477 423 2556 rogarat,
448 2477 484 2535 ut
499 2473 560 2535 sibi
576 2472 748 2534 Frontonis
765 2472 926 2536 orationes
947 2473 983 2534 in
1000 2472 1124 2554 Syriam
1147 2494 1246 2555 usque
1261 2455 1426 2535 mitteren-

283 2578 350 2637 tur:
373 2578 450 2637 smrt
472 2597 510 2636 ea
532 2575 570 2636 de
593 2596 627 2636 re
650 2575 731 2637 duae
754 2574 908 2656 epistolae
931 2575 971 2637 ad
986 2575 1109 2636 Antan.
1133 2573 1176 2655 Il,
1201 2575 1219 2636 7
1242 2577 1275 2636 et
1297 2574 1327 2637 8.
1359 2575 1425 2637 Ita-

283 2698 344 2759 que
359 2676 479 2738 Fronto
494 2661 549 2759 qui
571 2697 674 2759 nuper
695 2697 827 2737 uxorem
849 2678 882 2738 et
903 2667 1052 2758 nepotem
1076 2675 1237 2756 amiserat,
1261 2676 1316 2758 qui
1339 2677 1425 2758 apud

283 2799 317 2840 se
333 2777 529 2841 educabatur
543 2778 688 2841 —brevi
709 2780 784 2840 ante
804 2777 885 2839 alius
907 2799 1008 2860 nepos
1028 2777 1063 2839 in
1087 2777 1260 2839 Gennania
1281 2782 1426 2840 mortuus

283 2883 367 2961 erat,
387 2900 449 2964 quo
472 2901 577 2966 gener,
593 2880 660 2943 eius
683 2879 830 2941 Aufidius
845 2878 1031 2942 Victorinus
1052 2879 1202 2941 adversus
1218 2878 1329 2942 Cattos
1352 2879 1426 2941 mis-

283 3003 336 3045 sus
360 2981 444 3064 erat,
474 2982 513 3044 de
535 3003 598 3065 quo
621 3004 696 3045 casu
718 3003 814 3044 senex
836 2981 986 3045 flebiliter
1008 2981 1152 3065 queritur
1173 2980 1207 3043 in
1231 2981 1366 3064 epistola
1388 2987 1427 3045 de

283 3089 399 3163 Nepote
419 3089 533 3149 Amisso
547 3122 590 3131 —-
604 3084 764 3147 orationes
786 3084 888 3146 mittit
911 3106 982 3146 cum
998 3083 1101 3166 Epist.
1123 3084 1163 3145 ad
1178 3082 1253 3146 Ver.
1269 3083 1312 3165 ll,
1326 3084 1356 3165 9,
1375 3084 1430 3145 cni*

274 3185 386 3249 ,Verus
401 3187 574 3269 respondet
585 3185 629 3267 ΙΙ,
644 3186 693 3248 10.
721 3185 820 3248 Paulo
833 3188 906 3268 post
916 3186 952 3248 in
964 3185 1068 3267 Epist.
1082 3184 1125 3266 ll,
1138 3185 1159 3246 3
1171 3185 1349 3267 Imperator
1360 3207 1426 3247 ma-

283 3288 420 3371 gistrum
438 3289 580 3371 rogavit,
598 3291 635 3350 ut
655 3309 761 3350 rerum
780 3311 799 3350 a
821 3309 854 3349 se
876 3288 1041 3370 gestarum
1060 3286 1228 3349 historiam
1248 3287 1426 3349 conscribe-

282 3390 346 3471 ret3
359 3390 504 3457 ‚mirifica
519 3392 596 3452 sunt
617 3392 685 3452 eius
709 3389 843 3452 consilia
864 3389 903 3451 de
925 3388 1050 3451 ratione
1064 3387 1232 3451 historiam
1254 3388 1424 3451 scribendi.

283 3489 355 3553 Hac
377 3513 502 3574 quoque
523 3492 558 3553 in
574 3513 609 3552 re
629 3490 749 3554 Fronto
771 3490 927 3573 principis
949 3489 1108 3552 voluntati
1131 3489 1300 3552 obsecutus
1323 3493 1372 3553 est
1394 3493 1427 3552 et

283 3591 413 3673 scripsit
434 3591 609 3672 exordium,
635 3592 685 3654 cui
700 3591 832 3653 titulum
854 3591 942 3653 dedit
957 3597 1118 3669 Principio
1139 3597 1292 3654 1111101110.
1326 3592 1366 3654 In
1389 3613 1426 3654 eo

283 3693 436 3775 opusculo
458 3713 508 3754 res
531 3696 642 3774 gestae
662 3692 770 3755 Avidii
793 3691 896 3755 Cassii
918 3691 1003 3755 Vero
1025 3692 1213 3755 tribuuntur
1235 3695 1269 3755 et
1289 3692 1426 3775 impera-

283 3797 349 3875 tor,
378 3793 433 3876 qui
461 3794 718 3876 quinquennium
740 3793 934 3856 Antiochiae
962 3793 1083 3856 desidia
1104 3796 1323 3877 transegerat,
1354 3817 1426 3857 cum

284 3895 415 3958 summis
438 3895 571 3957 ducibus
593 3895 797 3978 impudenter
820 3898 1034 3978 comparatur.
1065 3894 1156 3958 Fecit
1177 3895 1278 3978 igitur
1293 3895 1425 3977 Fronto,

283 3997 367 4080 quod
388 3996 543 4079 plurimos
565 3997 651 4060 illius
672 3996 750 4060 belli
771 3998 944 4080 scriptores
965 3997 1079 4060 fecisse
1103 3996 1253 4078 coniicio,
1278 3997 1333 4080 qni
1347 3996 1426 4060 Veri

283 4100 424 4182 gratiam
440 4102 622 4181 captarent3
645 4098 727 4162 nihil
744 4121 853 4162 eorum
867 4100 1025 4162 intererat
1038 4098 1115 4181 quid
1130 4098 1317 4180 scriberent,
1337 4099 1427 4162 dum-

283 4202 376 4263 modo
399 4200 579 4264 sententiae
602 4200 684 4263 bene
708 4202 868 4264 caderent.
901 4199 1063 4283 Superest,
1085 4202 1122 4261 ut
1144 4199 1221 4279 dixi,
1245 4199 1426 4282 exordium3

284 4303 395 4386 quodsi
427 4306 537 4365 tamen
565 4301 686 4365 Fronto
717 4305 822 4365 totum
855 4301 975 4364 bellum
1008 4299 1212 4383 conscripsit,
1252 4300 1313 4362 hoe
1346 4322 1427 4383 opus

282 4405 407 4468 interiit
436 4407 468 4467 et
494 4404 590 4467 facile
613 4403 756 4466 contenti
787 4426 896 4467 sumus
923 4404 1123 4487 fragmento,
1158 4402 1243 4484 quod
1269 4403 1427 4481 γεύματος

283 4508 375 4585 χάριν
399 4507 439 4569 ad
460 4505 582 4569 Verum
603 4506 744 4570 miserat.

367 4607 467 4671 Paulo
490 4611 566 4671 ante
588 4608 727 4671 reditum
749 4605 827 4670 Veri
850 4607 988 4689 scriptae
1011 4608 1087 4669 snut
1109 4604 1202 4687 epist.
1226 4605 1266 4666 ad
1281 4603 1357 4668 Ver.
1381 4605 1425 4687 ΙΙ,

283 4711 409 4773 4015.
455 4709 560 4774 Unica
587 4712 749 4793 superest,
784 4708 928 4771 omnium
955 4710 992 4770 ut
1019 4707 1144 4769 videtur
1171 4706 1301 4787 ultima,
1330 4728 1428 4789 qnam

284 4809 388 4874 Verus
411 4812 539 4894 scripsit
560 4814 596 4874 in
617 4811 757 4895 patriam
784 4809 932 4893 10111111,
956 4808 986 4870 2.
1033 4806 1191 4870 Credibile
1220 4810 1270 4869 est
1290 4808 1427 4870 Fronto

284 4934 359 4976 nem
381 4912 476 4994 paulo
497 4917 571 4995 post
593 4915 707 4976 exacta
730 4914 836 4974 aetate
859 4912 943 4974 diem
965 4908 1092 4972 obiisse.
