3300 6050
276 901 313 946 1v
666 854 667 857 '
703 881 983 937 Protheonem.

180 1080 190 1095 ²
233 1112 238 1119 ,
275 1055 342 1117 fere
364 1055 517 1138 indignus
538 1054 694 1117 videatur.
739 1054 861 1129 Quibus
892 1076 964 1118 cum
987 1054 1145 1118 confidam
1166 1076 1216 1118 me
1238 1054 1340 1118 multa
1361 1053 1416 1118 ha-

275 1156 367 1238 bere,
390 1178 470 1239 quae
493 1178 661 1238 reponam,
685 1155 764 1218 illud
786 1156 925 1238 primum
947 1156 1180 1219 observandum
1203 1160 1267 1238 est,
1293 1157 1318 1218 si
1341 1155 1416 1240 Nje-

274 1256 407 1319 buhrius
439 1258 548 1320 statim
580 1260 653 1340 post
685 1256 806 1319 Maium
842 1278 959 1319 novam
995 1258 1167 1320 editionem
1201 1258 1414 1338 adornaverit,

183 1347 185 1351 ’
274 1358 443 1422 ridiculum
464 1380 515 1421 me
542 1360 611 1421 fore
618 1407 627 1439 ,
656 1357 684 1420 si
712 1358 809 1420 stulte
837 1361 869 1421 et
892 1361 1081 1442 arroganter
1109 1359 1298 1441 despiciam,
1333 1359 1417 1441 quod

273 1462 365 1522 tanto
388 1460 437 1522 vir
463 1461 596 1542 ingenio
618 1459 780 1541 tantisque
809 1459 974 1522 doctrinae
1003 1459 1116 1542 opibus
1145 1459 1284 1522 libenter
1313 1481 1415 1522 susce-

273 1561 374 1643 perit,
405 1582 476 1624 cum
498 1560 687 1643 praesertim
710 1560 846 1623 editores
868 1559 1093 1623 Berolinenses
1115 1583 1182 1624 non
1200 1560 1417 1645 ,cognoverint

274 1684 431 1744 eaquae,
460 1662 571 1744 paucis
595 1662 688 1724 annis
710 1664 799 1744 post,
834 1666 961 1744 reperto
983 1661 1145 1724 Vaticano
1169 1662 1292 1744 codice,
1324 1663 1415 1725 bonis

271 1763 401 1825 litteris'
420 1765 463 1850 et
485 1762 586 1826 doctis
625 1762 808 1826 hominibus
846 1763 947 1826 veluti
980 1763 1021 1825 ab
1056 1762 1139 1826 Orco
1172 1763 1297 1827 reddita
1329 1765 1414 1825 sunt.

272 1863 390 1938 Quodsi
418 1866 546 1946 reputo,
577 1864 663 1926 subit
690 1864 815 1947 mirari,
851 1865 906 1947 qui
932 1865 1055 1927 factum
1069 1865 1120 1926 sit
1143 1867 1179 1926 ut
1200 1886 1258 1946 per
1280 1865 1415 1946 quadra-

271 1965 364 2048 ginta
387 1986 488 2027 annos
510 1986 603 2027 nemo
626 1966 802 2048 exstiterit,
833 1966 888 2048 qui
909 1965 1094 2048 fragmenta
1117 1960 1277 2028 Vaticana
1298 1966 1415 2028 iterum

201 2114 205 2120 .
271 2068 454 2130 recenseret
481 2066 629 2148 ipsosque
653 2066 776 2130 codices
800 2067 917 2149 adiret,
950 2088 1022 2130 cum
1043 2070 1153 2129 tamen
1176 2070 1250 2149 post
1271 2065 1414 2129 Niebuh-
1468 2103 1472 2112 ·

271 2168 312 2230 rii
333 2189 462 2249 operam
485 2167 569 2250 apud
591 2163 700 2230 omnes
724 2170 897 2250 constaret,
922 2168 955 2230 in
977 2168 1199 2230 Ambrosianis
1221 2167 1415 2250 fragmentis

272 2269 455 2352 digerendis
477 2268 599 2330 Maium
621 2291 687 2331 non
709 2271 829 2332 maiore
856 2270 973 2351 peritia
1002 2291 1097 2351 quam
1118 2269 1180 2331 fide
1202 2269 1301 2331 fuisse
1323 2290 1415 2330 usum

272 2370 440 2453 officioque
464 2370 594 2433 editoris
618 2370 789 2433 desultorie
809 2371 959 2433 functum
982 2391 1059 2433 esse.

221 2538 224 2544 ,
356 2470 418 2536 Sed
446 2471 642 2534 laudandum
671 2474 719 2534 est
746 2472 1031 2554 prudentissimum
1053 2470 1221 2533 Niebuhrii
1249 2470 1413 2553 iudicium,

185 2604 187 2609 ·
271 2574 297 2636 si
320 2576 464 2636 veterum
487 2573 658 2655 scriptores
681 2573 800 2654 partim
823 2573 890 2634 sint
911 2574 1112 2655 praestantes
1128 2574 1161 2634 et
1181 2591 1310 2654 prorsus
1327 2594 1414 2655 egre-

271 2675 327 2757 gii,
351 2673 470 2756 partim
491 2673 568 2736 boni
590 2694 650 2735 nec
672 2675 781 2735 tamen
804 2674 936 2755 optimi,
960 2673 1078 2755 partim
1100 2671 1187 2734 infra
1210 2673 1354 2735 ordinem
1377 2695 1414 2736 ac

270 2777 407 2838 fortasse
429 2775 575 2857 pessimi,
599 2775 634 2836 in
656 2773 720 2836 illis
743 2773 894 2836 heroibus
917 2776 949 2835 et
971 2773 1179 2856 scriptoribus
1203 2774 1344 2837 classicis
1366 2775 1413 2856 ip-

270 2900 320 2940 sos
342 2877 523 2940 litterarum
545 2876 651 2958 apices
672 2896 795 2937 summa
818 2897 890 2938 cum
913 2897 989 2938 cura
1011 2875 1097 2958 exigi
1120 2874 1250 2957 debere,
1273 2876 1308 2938 in
1332 2879 1413 2938 cete-

270 2979 313 3043 ris
336 3000 398 3063 quo
421 3001 439 3041 a
461 2978 605 3061 perfecta
626 2977 827 3065 praestantia
854 2977 982 3061 longius
1011 2977 1133 3058 absint,
1170 2999 1206 3040 eo
1234 2977 1338 3061 magis
1366 2999 1413 3040 re-

217 3150 226 3156 ,
269 3081 372 3144 laxari
394 3101 486 3163 posse
508 3080 667 3141 minutam
689 3100 785 3160 quam
808 3078 922 3141 ceteris
944 3079 1095 3141 tribueris
1120 3079 1332 3161 diligentiam,
1358 3080 1413 3141 sed

270 3183 316 3245 ita
347 3185 457 3244 tamen
492 3180 590 3242 etiam
622 3179 776 3262 pessimos
809 3179 995 3242 tractandos
1023 3182 1055 3242 et
1082 3180 1303 3242 retractandos
1332 3202 1410 3262 esse,

271 3284 372 3347 donec
395 3282 612 3345 conditionem
634 3280 834 3343 tolerabilem
856 3280 1046 3343 reddideris:
1075 3302 1168 3343 omne
1191 3281 1278 3344 enim
1301 3303 1356 3343 vas
1379 3284 1412 3342 et
1464 3279 1469 3290 '

270 3406 397 3447 omnem
430 3382 659 3466 supellectilem
686 3382 721 3444 in
751 3382 843 3444 domo
877 3382 959 3444 bene
992 3383 1151 3445 instructa
1178 3382 1314 3445 nitidam
1344 3403 1412 3443 esse

271 3486 400 3567 debere,
430 3505 534 3567 neque
562 3505 753 3566 quemquam
781 3482 819 3545 de
847 3483 1008 3546 veteribus
1042 3484 1250 3565 scriptoribus
1283 3504 1412 3565 prorsus

271 3607 339 3651 esse
362 3585 602 3668 negligendum.
643 3584 814 3647 Frontonis
838 3588 944 3647 autem
967 3584 1040 3667 quis
1060 3585 1276 3647 conditionem
1298 3584 1412 3646 tolera-

269 3686 367 3750 bilem
389 3686 491 3766 dicat,
524 3708 595 3748 cum
617 3686 722 3749 Maius
751 3686 925 3768 pristinum
946 3684 1096 3748 foliorum
1118 3686 1263 3748 ordinem
1285 3685 1412 3747 restitu-

271 3810 323 3851 ere
345 3809 411 3851 non
432 3787 574 3870 potuerit
596 3788 684 3850 etin
708 3787 814 3850 codice
839 3787 1031 3865 conferendo
1054 3786 1223 3849 admodum
1244 3786 1411 3869 negligen-

269 3894 319 3953 ter
341 3892 484 3953 versatus
506 3888 570 3951 sit?
607 3890 690 3951 unde
718 3887 805 3951 mille
834 3910 955 3951 errores
984 3889 1053 3951 nati
1081 3892 1172 3970 sunt,
1207 3887 1326 3970 partim
1347 3887 1412 3948 iam

270 3992 372 4055 acutis
395 3990 670 4054 emendationibus
693 3989 821 4073 sublati,
846 3991 965 4073 partim
986 4011 1073 4053 nunc
1096 3990 1223 4052 demum
1244 3988 1409 4071 patefacti,

269 4092 388 4174 partim
411 4092 508 4155 etiam
530 4091 702 4174 detegendi
725 4091 754 4153 ei
776 4092 831 4174 qui
853 4094 927 4173 post
948 4114 998 4153 me
1019 4090 1137 4153 veniet.

353 4192 504 4256 Nondum
526 4195 637 4255 tamen
659 4192 802 4255 elocutus
824 4215 896 4255 sum
917 4193 994 4275 quid
1015 4192 1123 4273 fuerit,
1149 4214 1204 4254 cur
1218 4213 1276 4275 per
1291 4191 1412 4274 aliquot

269 4315 394 4358 menses
416 4297 520 4356 totum
542 4315 592 4356 me
621 4293 729 4356 darem
757 4294 913 4356 Frontoni
941 4294 1172 4377 cognoscendo.
1218 4293 1252 4356 Si
1278 4292 1411 4355 Fronto·

269 4396 385 4458 nianas
408 4394 557 4478 epistolas
579 4397 758 4476 temporum
785 4395 911 4457 ratione.
938 4394 1148 4476 disposueris,
1178 4394 1310 4477 egregia
1338 4414 1410 4456 con·
1507 4468 1511 4473 ,

269 4497 376 4559 ferent
409 4495 448 4557 ad
481 4495 737 4578 perspiciendam
769 4496 910 4559 indolem
939 4495 983 4590 M
1017 4495 1177 4557 Antonini
1210 4493 1408 4576 Philosophi,

206 4582 209 4588 ¹
270 4596 310 4658 ad
332 4618 426 4679 quem
440 4594 569 4660 Fronto*
583 4598 769 4680 frequenter
791 4596 987 4679 scriptitavit
1002 4599 1035 4659 et
1057 4597 1146 4659 cuius
1168 4595 1323 4678 plurimae
1346 4596 1410 4677 epi-

270 4696 370 4760 stolae
397 4698 433 4760 in
456 4698 562 4762 codice
590 4701 771 4782 supersunt.
817 4696 906 4761 Utile
940 4700 973 4760 et
1006 4698 1181 4759 iucundum
1214 4698 1264 4759 est
1291 4696 1408 4778 videre,

269 4820 332 4881 qua
354 4799 530 4862 studiorum
552 4800 692 4882 ratione,
717 4800 795 4862 duce
818 4798 996 4879 Frontone,
1030 4819 1124 4880 quem
1146 4797 1319 4880 plurimum
1341 4797 1409 4860 dili-

269 4902 370 4984 geret,
387 4899 541 4983 Princeps
557 4922 633 4963 usus
656 4901 708 4983 sit,
733 4900 875 4962 omnium
893 4900 946 4983 qui
962 4899 1083 4962 Romae
1105 4901 1305 4982 imperarunt
1327 4899 1408 4981 opti-
