3300 6050
623 902 833 969 ¹EPISTULAE
852 904 1028 959 GRAECAE.
1343 908 1406 972 245

263 1080 461 1158 ἐνοχλοῦεαν
490 1077 552 1141 ἕως
577 1077 678 1161 λῑόιρτι
706 1079 871 1156 κοιμηθείε.
915 1080 954 1141 Ἃ
980 1081 1015 1142 δὲ
1045 1078 1220 1158 ἀγρυπνῶν
1248 1079 1405 1159 ἠπόρουν,

263 1181 302 1245 οὐ
324 1181 478 1259 κατέεχον
502 1180 576 1243 οὐδ’
599 1179 831 1259 ἀνεβαλόμηνῖ,
861 1180 931 1244 ἀλλ’
955 1181 989 1244 ἐκ
1010 1182 1144 1246 πολλῶν
1168 1181 1261 1257 ὀλίγα
1283 1203 1331 1246 εοι
1353 1184 1405 1258 γε’-

261 1304 379 1365 γραφα.
425 1283 465 1347 (ιλ
489 1282 523 1346 δ’
545 1281 571 1345 εἰ
599 1284 655 1360 μὲν
684 1281 787 1347 δίκαιά
808 1282 901 1359 ἐττιν,
925 1282 970 1346 ῶε
995 1283 1141 1346 δικαίοιε·
1188 1283 1213 1347 εἰ
1236 1285 1271 1348 δὲ
1294 1288 1406 1363 (χολα-

264 1386 364 1467 ττικὰ,
391 1385 435 1448 oc
462 1383 613 1448 ἁπλοῑε3·
644 1383 670 1447 εἰ
697 1385 732 1448 δὲ
755 1386 811 1462 μή,
836 1383 911 1448 ἀλλ’
934 1384 1040 1463 ἔμοιγε
1064 1385 1109 1448 ῶε
1137 1388 1328 1470 λυπουμένῳ
1356 1389 1406 1451 καὶ

262 1491 500 1567 παρακαλοῦντι
529 1487 668 1565 πείεθητι
696 1487 746 1548 καὶ
774 1485 869 1552 εἶξον.
915 1485 1002 1550 Εἰκὸε
1031 1487 1159 1550 ἕπετθαι
1191 1492 1257 1551 soie
1284 1493 1406 1553 κοινοῖ(

262 1592 301 1654 τὰ
324 1589 471 1654 ἰδιωτικά.
505 1587 685 1668 Εὐθύνομεν
707 1592 789 1664 γοῦν
811 1589 852 1652 τὰ
873 1587 938 1651 ἴδια
959 1589 1041 1668 πρὸ(
1064 1589 1170 1653 ἐκεῖνα
1192 1590 1242 1654 καὶ
1264 1590 1282 1654 ὁ
1306 1591 1405 1669 νόμοε
1501 1628 1509 1640 ·

263 1692 349 1756 οὕτω
379 1691 508 1756 κελεύει.
553 1691 632 1754 Πῶε
665 1689 725 1755 οὖν
761 1690 792 1754 αἱ
818 1693 875 1769 μὲν
905 1691 1014 1755 πόλει(
1043 1690 1103 1754 οὐκ
1132 1690 1260 1756 ὀκνοθει
1289 1694 1406 1773 λαμβά-

261 1814 373 1860 νουεαι
395 1795 482 1873 παρὰ
503 1801 568 1857 τῶν
592 1791 749 1858 διδόντων
778 1792 964 1871 ἀναθήματά
989 1814 1023 1857 τε
1047 1794 1097 1857 καὶ
1119 1794 1261 1872 χρήματα
1282 1795 1331 1858 καὶ
1351 1795 1406 1874 ἀρ-

260 1899 373 1976 γύριον
397 1895 477 1960 αὐτὸ
500 1897 644 1961 πολιτῶν
672 1916 706 1959 τε
729 1895 778 1958 καὶ
801 1896 915 1974 ξένων,
944 1896 1003 1975 ἤδη
1032 1896 1067 1959 δέ
1094 1916 1182 1960 τινα(
1210 1897 1261 1959 καὶ
1289 1889 1407 1961 αάτούε

264 1999 359 2083 [noc]
382 1997 612 2078 ὑποδιδόνταε,
637 1997 733 2078 φίλοε
756 1997 810 2061 δὲ4
833 1999 920 2075 παρὰ
942 1998 1040 2078 φίλου
1062 2001 1172 2077 λαβεῖν
1195 1997 1284 2063 ὀκνεῖ
1305 2021 1406 2080 παρα-

262 2104 454 2183 καλοῦντας
480 2100 535 2163 Καὶ
564 2098 595 2163 οἱ
614 2101 684 2164 θεοὶ
711 2101 747 2164 δὲ
769 2105 815 2182 τῷ
838 2089 928 2182 νόμῳ
956 2107 1022 2164 τῶν
1045 2100 1177 2165 πόλεων
1200 2102 1406 2180 προείενται5

261 2208 362 2268 ταῦτα
384 2203 472 2282 παρὰ
493 2207 559 2271 τῶν
584 2201 725 2281 ἀνδρῶν,
749 2203 821 2265 καθ’
845 2203 866 2265 ἃ
888 2200 1106 2267 6δεικνιίουειν
1122 2202 1153 2266 οἱ
1169 2205 1320 2283 θηεαυροὶ
1338 2212 1419 2271 τῶν·
1471 2199 1475 2206 ’

262 2313 354 2372 θεῶν,
412 2305 467 2369 Καὶ
500 2303 530 2368 οἱ
563 2304 663 2384 φίλιοι
695 2305 731 2367 δὲ
759 2302 811 2367 ἐκ7
845 2310 912 2369 τῶν
946 2309 1105 2383 διαθηκῶν
1139 2307 1310 2386 λαμβάνειν
1348 2309 1407 2372 οὐκ

262 2409 418 2473 όκνοθειν.
455 2407 511 2470 Καὶ
533 2407 584 2470 διὰ
606 2406 634 2471 τί
657 2404 717 2470 οὖν
739 2405 774 2470 ἐκ
796 2407 853 2484 μὲν
876 2411 1036 2486 διαθηκῶν
1060 2406 1100 2472 ἄν
1122 2427 1169 2471 τι(
1191 2408 1293 2490 λάβοι,
1318 2412 1406 2489 παρὰ

261 2513 296 2576 δὲ
318 2517 384 2576 τῶν
408 2509 588 2589 περιόντων
617 2507 656 2571 οὐ
679 2508 782 2589 λάβοι,
809 2508 909 2574 ὁπότε
932 2510 981 2572 καὶ
1003 2512 1111 2587 μεῖζον
1133 2509 1247 2573 τούπί
1280 2510 1345 2589 ἔχει
1367 2513 1419 2576 τό

261 2617 372 2692 δεῖγμα
399 2617 456 2691 τῆ(
485 2609 677 2690 προθυμίαε;
699 2610 736 2675 ὀἱ
763 2612 820 2691 μὲν
848 2612 910 2691 γὰρ
933 2610 1034 2677 ἄλλον
1063 2611 1165 2676 ἄλλου
1192 2614 1406 2692 προτιθέατιν,

261 2717 291 2781 οἱ
313 2719 349 2780 δὲ
377 2714 544 2796 περιόντεε
573 2713 697 2779 ἑαυτῶν
729 2715 805 2778 τοὺς
828 2713 946 2796 φίλου(
973 2714 1183 2794 προτιθέαειν.
1229 2715 1284 2778 Καὶ
1312 2716 1404 2794 ἥδιον

260 2819 348 2899 παρὰ
367 2823 425 2883 τοῦ
441 2817 612 2897 περιόντοτ
629 2818 749 2895 λαβεῖν,
765 2815 814 2882 ὅτι
829 2818 880 2880 καὶ
894 2820 1087 2897 μαρτυρῆεω
1102 2816 1245 2897 περιόντι
1267 2820 1405 2885 δυνατόν

261 2922 323 2986 ἐετι
345 2922 395 2983 καὶ
418 2918 613 2998 ἀμείψαεθαι.
635 2918 756 2984 Πάλιν·
785 2920 891 2984 Ξένιον
918 2920 975 2998 μὲν
998 2919 1073 2983 οὔτε
1096 2923 1181 2983 θεοῖ(
1210 2920 1284 2985 οὔτε
1313 2922 1406 2986 πόλει

260 3025 427 3104 πέμπεται,
450 3022 489 3086 τὰ
512 3020 684 3099 εεμνότερα
707 3021 740 3085 δ’
756 3019 822 3085 ἀεὶ9
839 3025 905 3085 τοῖε
928 3021 1136 3100 εεμνοτέροιε.
1160 3022 1249 3087 Ἀλλ)
1272 3023 1330 3088 οὐκ
1351 3026 1406 3090 εἰεὶ

260 3123 412 3209 ταῦλίθτα
435 3123 593 3203 βαρύτερα
616 3122 831 3201 λαμβάνεινΗ.
866 3123 903 3187 Τί
923 3123 984 3203 γάρ
1012 3123 1074 3186 ἐετι
1102 3123 1209 3203 φιλία(
1237 3127 1287 3189 καὶ
1318 3131 1406 3205 τιμῆε

262 3226 455 3308 βαρύτερον,
486 3223 533 3289 ῶν
563 3223 668 3288 οὐδεὶε
693 3224 828 3308 [ἀγνοεῖ]
853 3224 897 3288 ὥς
917 3225 951 3300 γ’
973 3223 1082 3304 ἄρειον
1093 3222 1117 3261 ¹²
1132 3223 1229 3291 οὐδέν
1245 3227 1342 3299 ἐττιν;
1369 3229 1406 3292 Τί

261 3331 297 3393 δὲ
318 3326 403 3392 κὀιὶ13
426 3328 505 3406 βαρὺ
527 3326 567 3405 ἦν
591 3325 708 3405 όλωεῆ
731 3326 759 3391 τί
776 3326 815 3391 ἂν
840 3326 904 3402 ἔγω
928 3326 1007 3406 βαρὺ
1037 3325 1153 3406 ἔχοιμι;
1183 3327 1265 3393 Οὐδ’
1287 3329 1326 3393 ἂν
1348 3331 1405 3408 μὲν

260 3532 399 3585 Frontone
417 3518 608 3584 familiaritate
630 3528 731 3597 legesis
755 3528 902 3597 epistulam
925 3529 962 3583 ed
983 3527 1063 3583 Pium
1085 3528 1220 3584 ultimam.
1258 3529 1405 3587 Obtuleret

261 3617 355 3672 eutem
382 3616 455 3670 dono
478 3613 613 3670 Frontoni
641 3613 695 3668 duo
724 3614 864 3683 mancipia
892 3614 1048 3684 Appianus,
1078 3630 1150 3683 quae
1179 3614 1226 3669 ille
1256 3615 1402 3670 recusavit.

261 3705 356 3755 Maius.

346 3792 360 3838 1
378 3783 479 3854 Incipit
497 3784 563 3839 Cod.
582 3802 609 3853 p.
632 3788 688 3850 161,
706 3783 780 3838 lootu
798 3783 944 3840 diffieilior.

345 3878 361 3924 2
380 3870 460 3924 Coei:
479 3870 659 3935 ἀνεβάλομεν.

345 3962 360 4009 3
378 3955 408 4009 F.
428 3959 550 4009 λεπτοῖς.
584 3957 761 4009 Buttmannuo.

344 4040 444 4094 seed.
465 4041 507 4106 δή.

345 4130 360 4179 5
379 4124 459 4178 Cod.:
487 4129 644 4190 προεθεναι.
673 4124 861 4179 Probabiliter
878 4125 999 4180 correxit
1010 4124 1194 4181 Heindorfius.
1219 4127 1273 4181 Pro
1292 4128 1404 4193 ἀνδρῶν

262 4208 406 4265 Iaoobsius
425 4209 596 4275 ἀνθρώπων.

345 4301 360 4348 6
381 4292 446 4348 eod.
467 4292 617 4359 καγίδεικν.
635 4310 687 4362 pro
706 4296 803 4348 καταδ.

346 4386 360 4433 7
378 4377 495 4432 Addidit
511 4378 608 4432 Maius.
644 4378 698 4430 Pro
717 4379 804 4445 φίλιοι
822 4378 924 4433 rectius
942 4378 1045 4433 scribes
1063 4379 1148 4446 φίλοι.

301 4527 306 4538 „
344 4463 473 4520 SMslim
490 4466 581 4517 τοῦτ’.
1054 4465 1058 4471 “

346 4556 361 4603 9
380 4548 446 4604 cod.
466 4548 528 4602 αἰεὶ.
556 4545 683 4613 Correxit
700 4547 851 4614 Ieoobsius,
869 4547 917 4615 qui
928 4549 1076 4618 praeterea
1088 4550 1173 4602 πάλιν
1186 4548 1329 4617 coniungit
1341 4565 1403 4602 oum

261 4636 434 4702 ἀμείψαεθαι.

329 4725 361 4773 10
378 4718 479 4787 Incipit
492 4717 558 4771 Cod.
577 4736 605 4786 p.
626 4722 682 4785 162,
700 4718 825 4771 obscure.
854 4718 897 4771 An
915 4720 972 4773 ἐετί
989 4723 1098 4772 sotto?

331 4808 360 4856 11
379 4803 423 4856 Ita
441 4801 541 4869 Codex,
559 4818 616 4856 non
635 4804 827 4868 λαμβάυεεθαι.

330 4894 361 4941 12
380 4888 447 4941 Ood.
471 4888 658 4943 OCHAPtON.
694 4887 846 4942 Iacobsius:
865 4889 918 4941 οὐκ
936 4889 1046 4953 ἀγνοεῖ(
1065 4918 1093 4926 -
1114 4889 1237 4953 ἄμεινον.

331 4976 362 5025 13
380 4971 440 5025 Om.
457 4970 553 5025 Maius.
605 4973 608 4978 ’
