3300 6050
626 892 662 945 M.
678 891 848 946 CORNELII
865 891 1073 948 ERONTONIS

493 1067 561 1148 Vl.
608 1082 739 1169 Ellavo
762 1081 831 1148 Mi²
852 1081 1025 1164 Magister
1048 1081 1203 1164 optime.

243 1208 250 1257 ³·
363 1218 396 1284 si
419 1219 495 1303 quid
522 1220 626 1283 somni
648 1219 732 1284 redii
753 1222 827 1304 posi
848 1219 986 1303 vigilias,
1018 1218 1056 1281 de
1086 1219 1199 1302 quibus
1221 1222 1352 1302 questus
1376 1242 1423 1303 es,

250 1354 254 1413 ᾗ
278 1342 333 1385 oro
355 1324 387 1386 ie
411 1321 514 1385 scribe
536 1321 631 1386 mihi:
669 1324 701 1386 ei
728 1321 808 1384 illud
836 1343 891 1385 oro
913 1324 946 1384 ie
968 1319 1125 1405 primum³
1148 1321 1325 1385 valetudini
1348 1344 1424 1406 ope-

277 1445 346 1486 ram
374 1423 429 1486 da:
467 1425 536 1487 ium
565 1423 700 1487 securim
727 1422 922 1488 Tenediam4
949 1424 1062 1507 quam⁵
1085 1422 1235 1505 minume,
1260 1423 1341 1487 abde
1364 1424 1424 1487 ali-

278 1546 339 1609 quo
362 1547 399 1589 ac
421 1525 575 1589 reconde⁶
597 1547 658 1588 nec
682 1525 751 1609 i⁷tu
774 1525 941 1589 consilium
965 1546 1132 1589 causarum
1156 1525 1354 1609 agendarum
1376 1525 1424 1590 di-

278 1626 422 1690 miseris⁸
446 1629 501 1690 aut
522 1629 591 1690 ium
614 1627 708 1690 simul
731 1628 839 1691 omnia
861 1649 916 1690 ora
938 1628 1079 1691 taceant.

364 1728 485 1793 Graece
511 1728 620 1793 nescio
648 1728 723 1813 quid
751 1729 852 1792 aista
875 1729 1102 1813 compegisse&
1137 1729 1222 1812 quod
1254 1730 1290 1791 ut
1321 1751 1424 1813 aeque

183 1911 186 1915 .
278 1852 380 1914 pauca
403 1854 422 1894 a
443 1833 476 1895 ie
499 1830 619 1895 scribia
641 1831 768 1914 placeat
778 1830 802 1870 ¹⁰
823 1830 893 1893 tibi.
938 1830 1067 1893 Tu¹¹ne
1101 1853 1133 1895 es
1162 1829 1216 1914 qui
1244 1852 1295 1893 me
1317 1852 1424 1914 nuper

280 1933 523 2017 concastigabas
533 1932 567 2015 ¹²,
582 1954 732 2016 quorsum
741 1932 766 1973 ¹³
779 1931 901 1997 Graece
912 1932 1107 1996 scriberem?
1121 1931 1203 1995 Mihi
1214 1949 1289 1995 vero
1300 1933 1423 1996 nuuc14

278 2035 480 2118 potissimum
502 2034 623 2099 Graece
646 2034 849 2098 scribendum
858 2035 884 2074 ¹⁵
905 2039 963 2099 esi.
1009 2033 1110 2110 Quam
1132 2035 1172 2098 ob
1194 2056 1276 2116 rem,
1299 2035 1423 2118 rogas?

277 2138 348 2201 volo
370 2136 546 2220 periculum
569 2138 710 2200 facere¹6
732 2137 832 2219 auid,
856 2136 938 2220 quod
962 2158 1028 2200 non
1051 2136 1157 2218 didici,
1180 2136 1307 2201 facilius
1330 2136 1424 2200 obse·

279 2239 428 2303 cundei¹⁷
455 2238 551 2321 mihi,
581 2239 731 2322 quoniam
759 2238 888 2322 quidem
909 2238 989 2301 illud
1011 2239 1095 2322 quod
1117 2238 1213 2302 didici
1224 2239 1260 2320 ¹⁸,
1291 2238 1422 2302 deserit.

363 2339 434 2423 Sed,
459 2341 518 2404 si¹⁹
534 2363 585 2406 me
601 2340 768 2423 amares²⁰,
791 2340 933 2405 misisses
948 2339 1024 2404 mi²l
1041 2340 1127 2404 istud
1142 2339 1313 2421 novicium,
1337 2341 1425 2423 quod

277 2545 414 2600 videniur.
450 2545 539 2600 Maius
558 2545 646 2600 habet
665 2543 819 2616 [ΤΡΟΦΕΙ]
840 2545 888 2597 δὲ.
910 2548 980 2599 ,καὶ
1000 2587 1005 2598 .
1027 2586 1033 2597 ,
1054 2546 1237 2613 [λογιζομένω
1257 2583 1263 2595 .
1283 2543 1426 2609 ,μείζονα

277 2633 331 2686 τὸν
350 2632 473 2701 καρπὸν]
492 2633 566 2685 αὐτὰ
584 2632 703 2698 παρέξει.
738 2629 851 2684 Amicus
869 2628 950 2683 vidit:
1232 2647 1235 2652 ·

513 2716 640 2770 ΤΡΟΦΕΙ
661 2755 881 2769 .........
902 2715 955 2768 ΚΑΙ
975 2755 1088 2768 .....

526 2801 670 2855 ’ΜΕΝΟΣ
690 2841 828 2853 ......
849 2799 986 2853 ΟΝΑΜΟ.

548 2885 700 2941 ΔΕΚΑΙΟΝ
721 2927 727 2937 .
747 2925 753 2937 .
775 2927 780 2937 .
801 2926 807 2936 .
825 2883 974 2938 ΠΑΡΕΞΕ.

277 2970 397 3042 Explicit
414 2971 519 3041 pagina
536 2988 593 3026 non
610 2969 668 3023 sine
686 2968 779 3038 aliquo
798 2967 889 3038 spatio
907 2984 1002 3035 vacuo,
1019 2967 1049 3021 in
1066 2984 1122 3037 quo
1140 2968 1255 3022 videbar
1272 2967 1349 3035 mihi,
1369 2968 1427 3022 etsi

278 3057 448 3124 dubiianter,
466 3058 573 3127 legere:
593 3060 721 3110 Felicior.
758 3058 852 3107 Maius.
888 3053 924 3106 Et
946 3052 1043 3107 adesse
1061 3053 1190 3108 videniur
1206 3053 1333 3122 vestigia.

363 3142 496 3212 lInoipii
518 3141 584 3196 God.
608 3160 635 3209 p.
656 3144 704 3195 136
727 3137 831 3207 scripta
847 3137 949 3193 iiiioris
972 3137 1134 3195 minoribus.
1174 3137 1301 3207 Epistola
1322 3137 1426 3193 itidem

275 3227 380 3302 legiiur
396 3247 423 3298 p.
444 3235 490 3281 121
511 3226 576 3282 cod.
596 3224 686 3279 Vatia.
705 3223 771 3293 posi
788 3222 876 3292 Epist.
896 3223 933 3277 ad
949 3223 986 3276 M.
1007 3222 1084 3277 Gaes.
1104 3223 1151 3277 ΠΙ.
1172 3230 1196 3278 8.

279 3325 283 3331 '
363 3312 463 3369 EGod.
482 3312 546 3367 Vas.
571 3314 646 3364 Habe
664 3314 730 3363 mici.

362 3406 378 3453 3
397 3398 463 3453 ch.
482 3397 546 3451 Vai.
565 3402 668 3465 primus.

361 3491 378 3537 4
396 3483 436 3537 Cf.
454 3482 571 3552 Diogen.
591 3478 722 3533 Proverb.
743 3482 813 3531 758.v

362 3573 378 3622 5
397 3566 463 3621 (iod.
481 3566 545 3621 vat.
566 3569 689 3619 Securior
705 3568 846 3616 remidium
863 3568 955 3615 collide
972 3583 1004 3615 m.

362 3651 462 3707 ceod.
481 3651 545 3707 Vae.
572 3654 603 3704 ab
623 3694 629 3708 .
650 3688 657 3702 .
677 3693 682 3704 .
703 3688 709 3701 .
728 3691 735 3704 .
755 3666 803 3717 quc
821 3645 993 3701 AERGGEN
1012 3647 1041 3699 ei
1057 3644 1128 3700 NEC
1146 3664 1220 3715 supr.
1239 3645 1288 3699 lin.

363 3743 377 3790 ‘1
396 3736 498 3806 Incipit
519 3734 586 3803 Qud.
604 3733 668 3787 Vai.
687 3750 714 3801 p.
736 3738 792 3786 120.

361 3828 377 3877 8
397 3822 501 3877 Codexz
521 3827 659 3876 demiseris.

362 3915 378 3963 9
396 3906 462 3962 ch.
481 3906 545 3961 Vei.
569 3909 730 3972 conpeyicse,
747 3902 821 3956 tum:
852 3912 879 3955 ut
897 3900 934 3969 ei,
952 3902 985 3955 ut
1001 3900 1119 3969 videtur,
1138 3907 1207 3971 quod
1221 3909 1259 3955 ita
1277 3918 1352 3970 supr.
1373 3901 1425 3958 lin.

346 4000 378 4047 10
396 3992 462 4046 God.
481 3991 545 4045 Vae.
564 3996 693 4058 placeant,

347 4084 378 4131 11
398 4074 463 4130 (iod.
482 4074 546 4129 Vah.
566 4085 600 4126 ut.

347 4168 378 4214 12
396 4161 429 4213 In
447 4159 513 4214 cod.
531 4156 596 4211 Vae.
615 4156 732 4210 fortasse
751 4162 943 4225 concoctiqaras
961 4156 1055 4211 eicon
1073 4155 1203 4210 deletum.

618 4237 629 4265 ³

346 4286 377 4333 13
397 4277 462 4332 (iod.
482 4277 578 4331 Ambr.
605 4297 661 4330 um.
696 4275 762 4330 vat.
780 4295 834 4333 cur.
883 4271 887 4280 ”

346 4370 379 4417 14
396 4362 464 4418 God.
483 4361 579 4415 Ambr.
599 4365 669 4431 quid.

346 4454 377 4503 15
396 4448 462 4503 cod.
481 4446 545 4501 Vae.
564 4450 732 4501 seminudum.

347 4539 378 4588 16
396 4532 462 4588 cod.
481 4533 578 4586 Ambr.
594 4536 703 4600 faceret.

346 4623 377 4672 17
397 4616 462 4671 eod.
481 4616 545 4673 vat.
565 4634 641 4686 apr.
660 4632 697 4669 m.
717 4619 891 4669 obsecrandum.

347 4709 378 4757 18
397 4701 463 4757 (iod.
481 4701 546 4755 Vaiss.
566 4706 625 4755 dici.

289 4774 291 4780 ¹
348 4794 379 4841 19
398 4786 465 4842 eod.
484 4786 548 4840 Vas.
567 4802 585 4839 a
603 4801 657 4838 seo.
675 4802 711 4838 m.
731 4790 765 4842 ni.

346 4880 380 4928 20
398 4871 464 4927 Cod.
482 4870 579 4924 Amhr.
598 4889 676 4924 amaa.

347 4963 379 5012 21
398 4956 465 5013 cod.
482 4955 547 5010 Vat.
566 4958 632 5008 mihi
