3300 6050
267 861 309 926 52
479 857 515 916 M.
530 857 700 917 CORNELII
716 858 923 917 PRONTONIS
941 859 1197 919 EPISTULARUM

627 1100 726 1167 XIV.
759 1101 933 1184 Magistro
955 1103 1042 1170 Meo.

351 1235 500 1321 Epistula
515 1236 677 1303 Ciceronis
691 1239 824 1303 mirifice
848 1239 967 1303 adfecit
989 1240 1131 1303 animum
1145 1262 1259 1304 meum.
1276 1239 1410 1305 Miserat

267 1338 386 1404 Brutus
410 1339 557 1405 Ciceroni
579 1340 696 1405 librum
719 1363 811 1404 suum
834 1342 1071 1426 corrigendum¹
1097 1388 1204 1407 .....
1223 1344 1250 1408 .²

635 1509 713 1576 xi.
747 1511 913 1596 (nomino
936 1511 1039 1597 1111).

343 1647 653 1730 1....11111111111111,
678 1650 773 1730 atque
801 1647 848 1710 ita
876 1648 1038 1712 efficacius
1061 1648 1131 1712 sine
1159 1649 1224 1712 ulla
1253 1650 1311 1712 ad3
1340 1651 1407 1713 ani-

266 1771 334 1814 mos
362 1749 536 1813 offensione
572 1749 769 1813 audientium
805 1753 987 1832 penetrent.
1033 1750 1122 1814 Haec
1155 1755 1231 1814 sunt
1263 1753 1407 1834 profecto

266 1875 346 1937 quae
368 1855 404 1915 tu
425 1855 520 1935 putas
542 1851 670 1935 obliqua
693 1853 725 1914 et
746 1851 927 1916 insincera4
956 1855 989 1915 et
1012 1852 1127 1915 anxia⁵
1154 1856 1186 1916 et
1213 1875 1307 1917 verae
1331 1855 1407 1917 ami-

267 1956 362 2019 citiae
384 1953 537 2017 minime8
560 1953 809 2017 adcommodata.
834 1954 880 2016 At
892 1975 951 2038 ego
967 1953 1037 2017 sine
1052 1954 1122 2017 istis
1145 1956 1267 2019 artibus
1280 1978 1407 2019 omnem

265 2057 444 2120 orationem
467 2056 633 2118 absurdam
659 2059 691 2118 et
714 2057 875 2139 agrestem
898 2059 930 2119 et
950 2056 1182 2139 incognitam⁷,
1207 2057 1343 2140 denique
1358 2057 1406 2119 in-

266 2163 365 2223 ertem
389 2161 484 2242 atque
506 2157 653 2221 inutilem
676 2159 763 2240 puto.
801 2155 913 2240 Neque
941 2157 1045 2241 magis
1067 2159 1247 2222 oratoribus
1270 2159 1408 2222 arbitror

264 2260 445 2324 necessaria
467 2259 621 2323 eiusmodi
644 2259 779 2322 artificia
802 2281 898 2342 quam
919 2259 1148 2342 philosophis⁸.
1172 2260 1211 2323 In
1227 2283 1265 2324 ea
1284 2283 1319 2324 re
1340 2282 1407 2323 non

265 2366 440 2426 oratorum
464 2361 666 2444 domesticis,
710 2360 794 2443 quod
830 2359 966 2441 dicitur,
1006 2361 1200 2425 testimoniis
1239 2365 1330 2443 utar,
1359 2364 1408 2424 set

264 2463 529 2547 philosophorum
557 2462 835 2545 eminentissimis,
863 2465 1031 2546 poetarum
1053 2459 1277 2526 remotissimis
1306 2463 1406 2526 excel-

262 2565 523 2649 lentissimisque,
546 2563 631 2628 vitae
655 2564 791 2648 denique
815 2563 994 2627 cotidianae
1022 2586 1081 2628 usu
1107 2567 1203 2648 atque
1226 2564 1328 2646 cultu,
1359 2586 1406 2627 ar-

226 2661 228 2664 4
264 2668 407 2751 tiumque
435 2667 578 2730 omniurn
600 2665 837 2749 experimentis.
883 2664 1042 2740 Quidnam
1070 2665 1171 2750 igitur
1192 2666 1253 2730 tibi
1281 2666 1407 2730 videtur

264 2771 414 2853 princeps
440 2767 495 2831 ille
523 2767 699 2851 sapientiae
726 2766 820 2831 simul
853 2770 949 2850 atque
986 2767 1186 2851 eloquentiae
1217 2766 1407 2832 Socratem?
1447 2819 1449 2821 .

264 2870 339 2935 huic
362 2869 448 2933 enim
469 2869 572 2953 primo
601 2891 638 2933 ac
660 2869 845 2953 potissimo-⁹
873 2869 1092 2932 testimonium
1120 2873 1198 2953 aput
1224 2873 1257 2933 te
1287 2870 1406 2933 denun-

266 2973 362 3056 ciavi3
392 2993 470 3036 eone
498 2992 574 3035 usus
596 2993 714 3056 genere
737 2970 874 3054 dicendi,
908 2970 944 3034 in
976 2992 1037 3055 quo
1069 2969 1152 3035 nihil
1179 2975 1228 3035 est
1256 2971 1404 3054 oblicum,
1440 3006 1442 3008 ·

264 3075 348 3139 nihil
369 3074 531 3138 interdum
553 3072 811 3138 dissimulatum?
840 3071 960 3147 Quibus
982 3073 1036 3137 ille
1064 3073 1165 3136 modis
1196 3074 1407 3157 Protagoram

266 3180 298 3240 et
319 3175 432 3240 Polum
455 3179 487 3238 et
509 3175 783 3260 Thrasymachum
810 3178 843 3238 et
865 3174 1025 3258 sophistas
1055 3177 1176 3239 ceteros
1204 3197 1331 3239 versare
1360 3179 1406 3238 at-

138 3289 152 3321 “-
265 3301 325 3362 que
346 3277 478 3342 inretire
506 3261 656 3342 solitus?
675 3278 802 3362 quando
832 3279 940 3340 autem
974 3280 1086 3360 aperta
1120 3280 1188 3339 arte
1217 3298 1406 3361 congressus

265 3380 337 3443 est?
364 3380 490 3464 quando
512 3401 578 3470 non
607 3401 646 3443 ex
674 3378 799 3442 insidiis
828 3378 982 3442 adortus?
1014 3399 1075 3462 quo
1104 3399 1142 3441 ex
1171 3375 1300 3443 homine
1328 3383 1407 3443 nata

264 3482 391 3545 inversa
413 3481 515 3545 oratio
536 3482 672 3564 videtur,
701 3503 798 3565 quam
819 3480 934 3544 Graeci
951 3478 992 3564 l¹⁰
1014 3480 1180 3558 εἰρωνείαν
1209 3480 1405 3563 appellantl.

351 3701 367 3738 a
386 3688 418 3737 Io
437 3690 563 3753 1111191111.-
581 3684 622 3737 De
642 3682 763 3737 Socrate.

349 3767 368 3820 b
389 3772 420 3821 111
437 3774 564 3836 margine.-
581 3764 713 3837 Princeps
729 3768 777 3821 ifle
795 3766 948 3836 sapientiae
967 3766 1103 3835 simulque
1122 3766 1298 3835 eloquentiae
1311 3766 1407 3823 Socra·

264 3855 307 3907 tes
325 3869 435 3907 versare
454 3860 482 3907 11
498 3852 612 3906 inretire
629 3852 726 3906 solitus
738 3853 805 3906 erat.
835 3850 950 3916 Quando
969 3853 1063 3905 autem
1082 3854 1181 3921 aperta
1198 3859 1259 3906 arte
1278 3869 1405 3922 congres-

265 3954 312 3990 sus
330 3939 388 3991 est?
426 3936 467 3989 Ex
484 3936 537 3990 hoc
554 3936 665 3991 homine
683 3937 751 3990 nata
768 3938 811 3990 est
827 3936 939 3990 inversa
957 3935 1047 3990 oratio
1066 3953 1137 4005 quae
1155 3935 1245 3990 ironia
1262 3936 1370 3991 dicitur.

352 4166 365 4212 1
383 4159 473 4212 Maius
492 4159 599 4211 confert
617 4157 671 4212 Cic.
693 4157 729 4212 ad
746 4158 803 4213 Att.
823 4156 881 4224 XV,
902 4165 924 4211 1.
938 4165 962 4212 3.
975 4163 999 4211 4.

349 4241 582 4297 2Desiderantur
599 4242 719 4313 paginae
738 4243 817 4297 duae.
854 4241 955 4311 Incipit
973 4241 1039 4297 Cod.
1059 4241 1122 4296 Vat.
1141 4261 1169 4312 p.
1185 4248 1240 4297 186.

350 4336 366 4383 3
383 4326 453 4381 Add.
474 4344 526 4382 sec.
547 4346 582 4381 m.

349 4419 366 4466 4
385 4412 450 4467 cod.
470 4431 512 4482 pr.
531 4431 566 4466 111.
585 4419 694 4467 sincera.

350 4505 365 4553 ὅ
382 4498 499 4552 Miratur
517 4497 634 4551 Orellius
653 4499 682 4551 et
700 4498 806 4566 cogitat
823 4496 858 4551 de
877 4495 984 4551 Graeco
1003 4498 1138 4551 vocabulo
1157 4499 1231 4553 λοξά.

349 4590 364 4637 6
383 4582 449 4638 Cod.
462 4601 505 4651 pr.
518 4600 553 4635 m.
568 4588 689 4636 minimae.
707 4579 762 4635 Sed
775 4583 868 4635 cetera
886 4581 1020 4635 eiusmodi
1037 4582 1066 4634 in
1079 4575 1155 4650 seqq.
1168 4599 1225 4636 non
1238 4582 1403 4637 curabimus.

350 4675 364 4722 7
381 4668 471 4721 Maius
491 4667 618 4736 corrigit:
636 4673 797 4722 inconditam.

320 4767 322 4771 ’
349 4757 365 4805 8
384 4750 449 4805 Coo.
468 4770 510 4820 pr.
526 4759 640 4819 filosofis.

350 4843 365 4889 9
384 4835 449 4890 Cod.
468 4854 510 4905 pr.
529 4854 565 4889 m.
584 4844 740 4904 poetr’ssr'mo.

333 4908 365 4974 11
382 4920 484 4988 napo
502 4919 568 4974 cod.
587 4920 651 4974 rat.
670 4938 697 4990 p.
714 4904 770 4975 iss.
