3300 6050
597 869 645 923 oa
663 869 778 922 anano
796 866 987 922 Panrurco.
1262 849 1271 853 ’
1301 868 1364 931 219

162 1109 170 1117 ,
222 1041 369 1104 tenderat
391 1039 460 1103 sine
483 1039 657 1103 offensione
671 1039 810 1122 ‘potitus
848 1038 940 1101 Nihil
961 1039 996 1101 in
1020 1042 1125 1102 aetate
1148 1038 1277 1123 agunda
1292 1038 1364 1102 duri

222 1145 277 1206 aut
299 1142 406 1207 acerbi
429 1143 577 1224 expertus
600 1162 668 1204 esse
691 1140 822 1205 dicitur:
846 1139 924 1223 quin
946 1140 1006 1203 sub
1022 1163 1138 1204 manus
1154 1143 1271 1205 cuncta
1286 1161 1364 1219 qaae

221 1251 313 1309 noluit
333 1265 445 1326 prosus
468 1249 586 1322 recepit
600 1246 723 1320 fuitque
744 1241 958 1305 beatissimus.
1006 1246 1116 1316 Quibus
1139 1248 1176 1307 de
1198 1247 1285 1306 rebus
1307 1263 1363 1304 rex

221 1346 349 1409 Amasis
372 1345 552 1430 Aegyptius
576 1344 703 1426 sapiens
725 1343 990 1407 fortunatissimis
1013 1343 1177 1407 consultus
1187 1344 1207 1426 ¹,
1235 1343 1363 1426 scriptis

220 1447 432 1511 familiaribus
458 1446 591 1528 litteris,
622 1445 731 1527 suasit,
756 1447 792 1507 ut
814 1444 1020 1528 semetipsum
1048 1445 1229 1508 voluntario
1257 1445 1364 1528 aliquo

221 1549 337 1613 damno
365 1548 517 1612 multaret
544 1569 642 1630 eoque
678 1546 786 1610 dolore
814 1553 945 1611 invidam
969 1568 1077 1611 namen
1108 1547 1279 1627 placarat
1325 1553 1365 1610 Id

221 1672 288 1714 cura
316 1671 377 1714 non
403 1654 600 1730 improbasset
631 1654 822 1728 Polycrates,
848 1651 950 1725 ,sorte
982 1655 1008 1713 is
1034 1655 1065 1713 tn
1094 1670 1189 1713 careo
1224 1648 1364 1713 habebat

221 1751 345 1834 anulo³,
375 1751 576 1835 manupretio
611 1772 732 1814 summo
741 1752 762 1834 ⁴,
792 1749 877 1814 faeie
905 1750 1021 1815 eximia
1047 1751 1189 1834 lapidem
1221 1772 1363 1834 smarag-

221 1854 305 1918 dum.
336 1853 420 1917 Eum
435 1852 619 1937 Polycrates
636 1852 766 1915 anulum
789 1874 872 1915 nave
894 1851 992 1935 longa
1014 1853 1049 1916 in
1072 1851 1173 1916 altum
1195 1854 1363 1936 provectus

220 1957 334 2038 sponte
367 1955 401 2018 in
433 1975 521 2018 mare
554 1953 688 2036 abiecit,
722 1954 806 2017 unde
844 1975 1019 2036 numquam
1049 2002 1056 2017 .
1082 2003 1089 2016 .
1116 1954 1144 2016 .⁵
1173 1956 1361 2037 emergeret.

220 2057 301 2120 Tum
323 2056 407 2140 quod
424 2049 535 2121 'sciens
557 2067 725 2138 sponteque
740 2061 773 2119 r'd
783 2058 923 2138 fecisset,
948 2055 1108 2119 abiectum
1131 2062 1256 2119 anatum
1276 2061 1364 2120 valde

220 2158 375 2223 dolebatl.
423 2164 499 2222 Moa
525 2162 674 2236 arandam
701 2163 817 2237 piscem
850 2157 991 2240 piscator
1021 2155 1171 2244 [quidam]
1200 2155 1361 2241 nactusl⁷,

219 2260 390 2344 indignum
413 2259 503 2322 duxit
525 2258 564 2322 ad
586 2258 708 2322 venalis
731 2257 865 2340 deferre,
890 2259 946 2322 sed
967 2259 1121 2342 dignitati
1148 2280 1265 2342 parens
1293 2259 1363 2342 regi

220 2361 347 2425 obtulit.
392 2360 462 2424 Rex
491 2360 620 2444 gr'atum
637 2362 877 2445 ,acceptumque
905 2353 1020 2424 habuit
1054 2358 1161 2446 [atque
1190 2360 1230 2423 ab
1258 2361 1362 2443 operis

221 2461 397 2550 culinariis]
436 2463 555 2545 apponi
587 2460 695 2526 iussit:
729 2483 810 2546 quae
844 2483 916 2525 cum
949 2462 1090 2545 piscem8
1125 2464 1362 2526 contrectantes

220 2564 352 2627 anulum
375 2563 445 2627 alvo
467 2566 630 2646 repertum
652 2564 691 2627 ad
713 2585 822 2648 regem
845 2565 1022 2647 gaudentes
1049 2562 1242 2627 detulerunt.
1280 2563 1362 2627 Tum

219 2664 403 2749 Polycrates
428 2665 554 2731 litteras
584 2665 695 2730 ordine
724 2667 762 2730 de
791 2687 867 2729 casu
894 2668 926 2729 et
950 2665 1148 2750 postliminio
1176 2665 1264 2729 anuli
1292 2688 1361 2748 per-

218 2767 354 2831 seribtas
377 2766 417 2829 ad
439 2788 549 2852 regem
572 2767 716 2831 Amasim
743 2767 856 2831 mittit.
902 2767 1031 2832 Amasis
1053 2789 1208 2852 magnum
1237 2771 1269 2830 et
1296 2754 1363 2831 mal

217 2871 325 2931 turum
359 2867 480 2931 malum
508 2867 669 2952 Polycrati
703 2869 887 2935 coniectans
916 2869 1091 2933 amicitiam
1123 2869 1361 2954 hospitiumque

217 2970 398 3052 renuntiat,
429 2971 466 3033 ut
493 2969 597 3035 alieno
624 2971 743 3054 potius,
777 2992 835 3035 suo
863 2993 959 3055 quam
987 2972 1146 3055 hospitei⁹
1179 2973 1235 3035 aut
1257 2971 1360 3036 amico

217 3071 381 3135 fortunam
404 3073 632 3135 commutatam
655 3071 723 3154 ipse
733 3072 756 3112 ¹⁰
780 3073 886 3136 minus
909 3094 1005 3158 aegre
1025 3073 1135 3137 ferret.

304 3314 317 3361 l
335 3307 511 3362 Heindorfius
526 3307 650 3377 supplet:
669 3306 726 3373 Cui,
746 3324 808 3361 cum
825 3312 871 3362 aab
883 3328 970 3363 manns
981 3321 1072 3363 carecta
1082 3329 1191 3377 proreta
1203 3314 1361 3364 beatissimus

219 3393 388 3462 redegisset,
410 3414 461 3448 rex
479 3398 582 3447 Amasis
600 3398 742 3461 Aepyptiaa
759 3380 878 3461 sapiens,
904 3394 1032 3449 fortunae
1050 3393 1245 3464 peritissimus,
1264 3402 1360 3449 consul·

216 3488 265 3541 tas,
285 3479 336 3532 cet.

301 3570 317 3617 2
335 3549 523 3617 Heindorfius:
542 3582 621 3632 eaque
636 3568 724 3617 dotare
734 3562 849 3617 deorum
859 3562 910 3629 (oet
918 3562 1057 3631 fortunae)
1069 3563 1205 3632 effugeret
1217 3563 1358 3618 invidiam.
1374 3591 1377 3595 ,

302 3646 434 3702 31nEd.
453 3646 564 3701 Mediol.
584 3646 675 3701 Maius
697 3646 799 3701 diserte
821 3647 942 3700 testatur
963 3648 1021 3716 legi
1043 3647 1072 3701 in
1096 3647 1224 3702 Codicet·
1241 3653 1360 3703 Habebat

216 3732 316 3786 Darius
334 3739 417 3785 anulo.
453 3730 524 3785 Hinc
542 3731 729 3789 Heindorfius:
758 3735 878 3785 Habebat
899 3751 978 3786 aureo
996 3738 1021 3785 in
1040 3739 1122 3787 anulo.
1158 3733 1190 3785 In
1208 3733 1258 3787 Ed.
1278 3734 1356 3787 Rom.

216 3815 285 3869 illud
302 3821 399 3870 Darins
416 3814 536 3870 evanrfit.

300 3906 317 3953 4
335 3900 517 3970 Transposuit
533 3900 623 3957 Maius
640 3899 709 3954 illud
726 3921 832 3967 sunone,
862 3901 937 3969 quod
958 3902 987 3955 in
1010 3902 1110 3956 lacuna
1132 3902 1234 3957 alicubi
1255 3902 1359 3971 legitur

217 3988 283 4053 post
299 3991 466 4055 smaragdum.
865 4036 867 4039 .

300 4075 316 4123 5
334 4068 437 4139 Supple
450 4086 535 4123 unum
546 4069 672 4124 verbum.
687 4074 780 4125 Maius.
794 4069 981 4125 Heindorfius:
1000 4078 1066 4126 ande
1079 4093 1208 4142 nantqaam
1218 4072 1358 4127 uideretur

216 4170 299 4223 posse
312 4172 448 4222 enerpere.

300 4242 315 4289 6
333 4236 518 4291 Heindorfius:
541 4242 601 4292 Tam
620 4245 689 4308 qnod
704 4245 788 4308 setena
803 4251 944 4310 sponteque
956 4240 1106 4310 abiecerat,
1123 4247 1245 4299 abiectam
1262 4247 1357 4299 tamen

215 4323 325 4376 dolebat.

301 4411 315 4458 t
333 4403 435 4475 Incipit
452 4404 517 4460 Cod.
537 4425 564 4476 p.
584 4414 641 4475 222,
661 4408 865 4463 obscurissima.
896 4408 1095 4480 Supplementa
1112 4412 1179 4467 Maii
1196 4412 1242 4467 hic
1259 4414 1356 4469 itidem

216 4506 347 4558 expressa
366 4491 429 4543 sunt
446 4484 546 4544 litteris
564 4490 675 4545 Italicis.

300 4572 380 4629 SSic
401 4575 498 4629 Maius.
534 4574 572 4628 At
601 4574 707 4629 Codex:
734 4590 913 4646 acceptamque
934 4582 1020 4632 babuit
1044 4621 1290 4635 ..........
1308 4603 1356 4651 ap·

214 4665 277 4726 pani
295 4664 369 4713 iussit
386 4666 429 4729 qai
447 4702 453 4712 .
474 4700 480 4712 .
499 4665 534 4713 da
550 4664 664 4728 piscique
682 4666 800 4727 opertae
820 4704 1011 4717 ........
1030 4673 1228 4719 contrectantes.

298 4749 314 4797 9
332 4743 375 4798 Ita
393 4742 460 4798 Coa.
478 4761 519 4812 pr.
537 4761 574 4795 m.
1170 4754 1175 4761 ·

284 4834 315 4920 le
332 4827 469 4882 Vocabuli
491 4827 610 4896 vestigia
632 4831 778 4898 apparent.
807 4829 946 4887 Assumsit
967 4832 1056 4887 Maius
1074 4832 1261 4891 coniecturam
1276 4836 1354 4891 Butt-

214 4926 319 4963 manm.
