3300 6050
248 871 289 933 38
457 867 492 922 M.
508 866 677 922 CORNELII
695 865 902 922 PRONTONIS
921 866 1176 923 EPISTULARUM

249 1041 400 1124 praedam
422 1039 577 1103 invasisse
605 1042 637 1102 et
664 1039 797 1103 minimo
831 1062 903 1103 aere
934 1041 1103 1125 eripuisse.
1123 1043 1256 1124 dicetur,
1292 1065 1390 1126 eoque

248 1143 354 1206 minus
378 1142 417 1204 ad
440 1163 504 1223 eos,
529 1141 643 1224 quibus
664 1141 808 1226 legatum
832 1146 912 1225 erat,
936 1143 1129 1228 pervenisse.

333 1244 406 1306 An¹
434 1264 500 1305 non
529 1245 613 1306 emet
641 1241 720 1306 haee
748 1247 938 1307 ornamenta
960 1244 1139 1307 Faustina?
1182 1244 1260 1320 Quis
1288 1246 1391 1328 igitur

249 1349 333 1409 emet
360 1345 566 1429 margarita³‚
605 1365 686 1427 quae
714 1345 841 1409 filiabus
863 1347 927 1409 tuis
949 1345 1058 1430 legata
1081 1346 1200 1409 sunt²?
1242 1347 1287 1410 lis
1309 1369 1391 1409 mar-

249 1447 362 1531 garitis
387 1445 503 1510 eollos3
524 1447 663 1509 filiarum
685 1450 813 1511 tuarum
840 1446 1049 1530 despoliabis⁷
1079 1451 1117 1511 ut
1144 1449 1233 1511 ouius
1260 1449 1392 1512 tandem

249 1549 410 1633 ingluvies
431 1548 562 1632 turgida
584 1549 759 1612 ornetur4l

335 1652 389 1713 An
417 1650 577 1714 hereditas
604 1650 758 1715 Matidiae
792 1650 924 1714 avobis
957 1672 1023 1714 non
1054 1651 1217 1715 adibitur‘?
1261 1650 1390 1716 Summo

251 1774 379 1837 genere,
410 1752 540 1815 summis
568 1751 681 1833 opibus
703 1752 903 1815 nobilissima
931 1752 1053 1816 femina
1082 1754 1119 1816 de
1154 1753 1244 1816 vobis
1272 1754 1391 1836 optime

250 1854 366 1918 merita
387 1855 542 1917 intestata
568 1853 706 1917 obierit?
734 1853 786 1916 Ita
812 1855 944 1936 prosus⁵
973 1855 1114 1936 eveniet,
1150 1857 1188 1917 ut
1217 1856 1267 1918 oui
1294 1855 1392 1919 funus

250 1956 414 2039 publicum
436 1956 628 2038 decreveris,
654 1955 682 2019 ei
705 1955 861 2019 ademeris
884 1958 1123 2018 testamentum.
1233 2001 1236 2006 ·

336 2057 452 2120 Adhue
474 2079 573 2139 usque
602 2057 637 2119 in
659 2058 806 2120 omnibus
831 2057 934 2120 causis
956 2057 1076 2119 iustum
1097 2060 1130 2120 te
1153 2061 1185 2121 et
1207 2081 1338 2141 gravem
1361 2062 1393 2121 et

251 2161 398 2223 sanetum
421 2158 556 2222 iudicem
585 2159 792 2223 exhibuisriss:
824 2159 865 2222 ab
891 2160 1041 2222 uxorisne
1071 2161 1145 2222 tuae
1174 2181 1269 2222 eausa
1296 2181 1393 2242 prave

250 2260 391 2324 iudieare
413 2257 626 2324 inchoabis?
1279 2269 1282 2272 ’

336 2361 417 2425 Tum
439 2365 476 2427 tu
499 2363 625 2445 quidem
652 2363 763 2446 ignem
784 2361 978 2445 imitaberis,
1009 2363 1035 2425 si
1057 2363 1217 2446 proximos
1246 2363 1392 2447 amlssbu·

252 2485 313 2546 res,
335 2463 521 2547 longinquis
544 2464 696 2527 lucebisb.

455 2716 574 2783 XVII.
611 2717 893 2803 (Rescriptum)⁹
917 2717 1088 2799 lIagIStro
1111 2716 1199 2784 Meo.

338 2872 426 2955 Ergo
448 2870 603 2958 magister
625 2893 714 2933 meus
736 2871 800 2934 ianr
823 2870 915 2933 nobis
939 2874 971 2933 et
985 2873 1140 2954 patronus
1156 2870 1276 2933 er1t¹⁰‘?
1297 2872 1394 2954 Equi-

172 2994 175 2998 ·
254 2974 325 3037 dem
343 2994 472 3057 possum
495 2994 624 3037 securus
647 2994 730 3055 esse,
761 2994 833 3037 eum
861 2973 939 3037 duas
962 2994 1011 3035 res
1035 2972 1141 3036 animo
1163 2994 1234 3036 meo
1263 2973 1395 3037 carissu-

340 3195 356 3231 a
375 3181 408 3229 Ia
425 3182 550 3245 marytre:
574 3175 634 3229 Hoe
651 3176 836 3244 margaritum
854 3177 969 3229 ethaeo
987 3176 1141 3243 margarita
1164 3193 1266 3244 genere
1284 3178 1396 3242 neutro;

255 3263 284 3316 et
302 3279 404 3330 genere
425 3261 559 3315 feminino
582 3261 651 3315 haee
673 3261 828 3329 margarita
847 3263 876 3314 et
892 3260 962 3314 heae
980 3259 1163 3328 margaritae;
1192 3255 1224 3313 'ut
1243 3259 1338 3315 Cicero
1363 3261 1396 3314 de

256 3346 348 3414 Signis
368 3348 409 3415 [In
426 3346 551 3399 Verrem.
571 3344 616 3398 IV.
633 3346 656 3413 l]
675 3345 780 3398 nullam
798 3362 938 3413 gemmam
956 3348 1006 3398 aut
1022 3344 1214 3413 margaritam.

339 3432 357 3484 b
377 3436 410 3484 In
428 3424 552 3500 margine:
572 3429 647 3498 Ignis
664 3428 805 3497 proximos
824 3429 947 3484 amburit
964 3431 994 3483 et
1010 3428 1177 3498 longinquos
1194 3429 1275 3482 lueet.

341 3659 353 3704 1
374 3651 430 3705 Ser.
451 3655 487 3703 Ar
505 3650 563 3703 sine
581 3649 809 3718 interrogatione.
847 3654 1023 3703 Burmannus.

339 3735 511 3789 acredibile
538 3734 648 3788 videtur
673 3734 828 3803 Epistolam
857 3733 990 3802 scriptam
1017 3750 1076 3787 esse
1098 3733 1186 3787 Marci
1215 3749 1288 3787 anno
1311 3734 1396 3789 XXII.

254 3823 353 3889 Itaque
371 3819 504 3873 Faustina
522 3818 582 3887 agIt
599 3819 710 3873 nomine
728 3819 847 3872 filiarum
864 3814 1051 3887 parrularum.
1079 3818 1159 3871 Anno
1179 3824 1226 3871 161
1246 3819 1351 3872 Lucilla
1369 3821 1398 3873 et

257 3905 404 3959 Cornifieia
420 3904 497 3974 ipsae
516 3922 595 3957 suurn
612 3904 758 3972 negotium
775 3903 849 3956 tueri
865 3904 1024 3971 potuerant.

341 3998 356 4043 3
374 3990 435 4043 Vox
452 3988 574 4057 repetita
591 3989 620 4041 in
637 3988 763 4057 margine
781 3990 812 4041 ut
825 3988 966 4042 notabilis.
990 3988 1079 4042 Maius
1091 3988 1188 4042 laudat
1200 4005 1215 4041 e
1228 3986 1397 4051 Quintiliano

254 4076 275 4128 1.
291 4082 319 4127 6:
340 4078 394 4127 Nee
412 4072 497 4126 collos
515 4078 574 4125 miti
592 4077 681 4127 Calvus
696 4080 865 4141 persuaserit.
1129 4072 1136 4077 ”

340 4165 357 4211 4
375 4156 465 4221 Quum
482 4158 519 4210 M.
535 4157 643 4223 Caesar,
666 4160 697 4209 ut
714 4156 803 4210 estin
820 4157 962 4227 superiore
980 4157 1110 4226 epistola,
1134 4156 1285 4211 causidicos
1302 4158 1332 4210 in
1349 4176 1397 4211 un-

256 4244 393 4298 decimam
419 4243 516 4297 horam
544 4242 664 4308 audiret,
698 4258 840 4311 speramus
862 4260 927 4297 sane
955 4260 1002 4297 eos
1029 4243 1192 4311 plerumque
1214 4259 1279 4296 usos
1300 4242 1396 4296 fecisse

256 4327 427 4397 argumentis
444 4327 528 4396 paulo
546 4327 720 4380 firmioribus.

340 4414 417 4466 alra
435 4411 535 4465 Codex.

341 4502 356 4550 6
374 4498 416 4550 Ne
434 4497 487 4549 hoe
505 4497 617 4565 quidem
635 4498 710 4550 reete
729 4496 834 4549 dietum
851 4497 992 4550 videbitur
1009 4497 1046 4551 ad
1057 4498 1266 4566 Imperatorem,
1285 4496 1333 4564 qui
1344 4513 1395 4565 per

257 4598 344 4636 annos
362 4598 450 4651 prope
468 4581 568 4650 viginti
585 4581 688 4635 iudicia
706 4581 762 4634 iam
781 4583 949 4636 exercuerat.

342 4673 356 4720 7
375 4667 419 4719 Ita
437 4664 643 4731 Codex;⁸aliter
660 4666 741 4720 infra.

342 4755 357 4803 8
374 4750 474 4819 Incipit
493 4748 558 4803 Cod.
578 4750 704 4805 Ambros.
724 4769 750 4819 p.
767 4758 822 4805 103.

342 4842 357 4888 9
375 4834 490 4887 Addidit
506 4835 604 4889 Maius.

327 4927 358 4974 10
375 4919 505 4973 Potuitne
523 4921 680 4989 Imperator
697 4919 736 4973 sio
753 4919 873 4975 seribere
891 4918 1025 4973 Frontoni
1042 4919 1275 4989 septuagenario?
