3300 6050
269 855 330 920 154
390 932 396 937 ¹
476 854 512 907 M.
527 852 695 910 CORNELII
712 855 920 910 FRONTONIS
939 856 1193 911 EPISTULARUM

266 1026 422 1108 tertioque
451 1075 458 1088 .
490 1076 496 1089 .
528 1076 535 1089 .
567 1075 706 1091 .....
715 1048 716 1051 ’
732 1076 1134 1092 .............
1145 1030 1169 1111 1¹
1198 1037 1343 1115 διαεκευῇ
1372 1035 1405 1094 61

266 1129 454 1209 παρεκβάεει
477 1129 658 1191 carendum.
1167 1152 1170 1156 “

350 1228 522 1293 Enimvero
550 1230 590 1292 ad
616 1228 825 1314 philosophos
850 1231 966 1294 librum
988 1233 1093 1316 legas3
1127 1234 1282 1317 magistro
1307 1236 1404 1298 inter-

265 1330 408 1414 pretanti
438 1332 556 1395 tacitus
586 1331 754 1415 adtendas3
781 1332 978 1397 intellexisse
1006 1334 1143 1417 adnisas,
1177 1335 1247 1398 aliis
1269 1336 1404 1420 legenti-

265 1431 324 1496 bus
346 1433 414 1516 ipse
436 1433 622 1517 plerumque
645 1433 810 1516 dormites,
835 1435 945 1498 audias
960 1435 989 1499 τί
1003 1436 1040 1499 τὸ
1056 1440 1199 1518 πρῶτον,
1223 1437 1252 1502 τί
1273 1439 1311 1502 τὸ
1334 1440 1403 1503 δεύ-

265 1555 361 1613 τερον
384 1535 438 1597 1116
459 1535 656 1619 multumque
679 1537 878 1619 numerari²;
910 1537 936 1602 εἰ
958 1537 1058 1617 ἡμέρα
1081 1539 1179 1619 terte,
1203 1539 1299 1619 odrc³
1322 1541 1403 1605 ἐετὶν

266 1636 415 1700 fenestris
437 1637 623 1720 patentibus
644 1637 793 1701 laborari.
840 1637 975 1702 Securus
1001 1639 1077 1701 inde
1101 1640 1214 1722 abeaS,
1246 1641 1295 1704 cui
1323 1642 1405 1704 nihil

265 1759 324 1821 per
349 1739 476 1800 noctem
504 1727 722 1802 meditandum
751 1743 806 1802 aut
830 1740 1109 1822 conscribendum,
1138 1741 1218 1803 nihil
1249 1743 1404 1825 magistro

266 1839 474 1921 recitandum,
491 1839 571 1902 nihil
588 1840 626 1902 de
640 1841 792 1903 memoria
806 1841 1092 1924 pronimtiandum,
1108 1840 1212 1928 1161116
1223 1843 1402 1930 verborum]

265 1940 441 2024 indagatio,
464 1941 583 2004 nullius
606 1942 793 2024 synonymi4
816 1945 964 2025 ornatus,
991 1942 1072 2005 nihil
1095 1943 1134 2006 de
1156 1965 1272 2027 graeco
1292 1945 1327 2008 in
1349 1967 1404 2007 no-

266 2044 365 2104 stram
397 2041 543 2125 linguam
578 2042 720 2129 [pariter]
756 2043 952 2107 vertendum.
1002 2043 1042 2107 In
1075 2066 1128 2108 666
1160 2066 1284 2128 quoque
1316 2067 1404 2108 meus

265 2143 419 2227 magister
445 2143 618 2228 Dionysius
646 2143 773 2209 tenuior
796 2136 848 2207 et⁵
871 2145 1078 2228 compositam
1106 2146 1249 2209 fabulam
1271 2146 1406 2228 protulit

266 2245 304 2308 de
327 2245 558 2328 disceptatione
579 2247 654 2310 vitis
678 2248 709 2310 et
731 2246 854 2309 arboris
876 2246 959 2309 ilicis
967 2260 989 2311 ².

349 2346 434 2411 Vitis
457 2369 490 2412 66
514 2351 588 2411 6616
610 2347 716 2411 1116616
738 2348 879 2429 ferebat,
909 2347 993 2431 quod
1020 2349 1243 2412 suavissimum
1264 2349 1405 2412 fructum

265 2448 430 2511 hominum
454 2449 606 2513 conviviis
629 2448 832 2512 61116616616
855 2448 1009 2513 altaribus
1026 2453 1158 2513 6166161.
1189 2449 1298 2513 Idem⁷
1313 2437 1405 2513 dulce

266 2571 332 2632 esu,
355 2549 440 2613 idem
461 2547 579 2613 haustu
601 2550 784 2613 iucundum.
816 2550 899 2613 Tum
921 2572 954 2613 se
977 2551 1095 2614 maiore
1115 2572 1191 2614 cura
1206 2574 1301 2634 quam
1317 2551 1404 2615 Cleo-

265 2653 391 2734 patram
420 2652 566 2735 reginam
593 2651 715 2732 ornari,
752 2651 909 2734 comptius
943 2674 1039 2734 quam
1065 2651 1195 2715 Laidem
1222 2653 1403 2716 formosam.

265 2751 438 2834 Pampinos
454 2774 526 2816 suos
541 2754 587 2816 ita
609 2751 759 2835 pulchros
782 2774 860 2835 6666,
884 2755 921 2815 61
942 2756 1149 2816 necterentur
1171 2776 1209 2818 ex
1231 2754 1276 2817 eis
1291 2752 1405 2817 Libero

266 2852 384 2936 thyrsi,
410 2875 526 2918 corona
549 2853 667 2937 Sileno,
691 2853 841 2936 nymphis
862 2853 1054 2938 bacchisque
1077 2854 1277 2937 redimicula3
1299 2855 1405 2919 ilicem

267 2977 334 3018 6666
362 2954 538 3037 horridam,
568 2955 816 3038 infructuosam,
851 2955 1072 3019 inamabilem:
1111 2977 1218 3021 creare
1246 2956 1322 3019 boni
1350 2960 1406 3019 6111

267 3056 391 3123 amoeni
413 3080 588 3144 numquam
610 3059 780 3143 quicquam
804 3058 829 3142 18
836 3060 965 3140 praeter
986 3058 1137 3142 glandem
1155 3108 1384 3122 ........
1392 3061 1405 3099 ⁹

351 3330 368 3367 a
385 3316 418 3366 In
430 3318 555 3382 morpine:
573 3313 615 3365 De
626 3312 709 3369 laude
723 3311 784 3366 vitis
798 3328 883 3381 quam
898 3310 980 3378 ilicis,
999 3312 1075 3365 etde
1087 3281 1301 3381 disceptatione,
1322 3328 1405 3378 quam

267 3397 320 3451 sibi
338 3397 455 3453 invicem
472 3398 634 3455 retulerunt.
872 3405 874 3414 ’

353 3644 366 3689 1
384 3635 508 3704 Paginae
526 3640 575 3689 383
593 3651 665 3703 quae
683 3634 818 3702 sequitur,
842 3633 910 3686 nihil
928 3633 1059 3701 superest.
1096 3630 1197 3701 Incipit
1215 3632 1280 3686 Cod.
1300 3650 1327 3700 p.
1347 3636 1404 3685 388.

351 3728 367 3773 2
386 3719 490 3775 Codex:
510 3739 650 3773 arimerare.
687 3718 853 3786 Sequuntur,
871 3719 903 3771 ut
919 3716 1037 3782 videtur,
1055 3716 1110 3769 duo
1128 3733 1223 3769 versus
1240 3717 1362 3784 fugaces.

351 3812 367 3859 3
386 3803 490 3858 Codex:
510 3809 579 3869 πῶς,
598 3803 673 3870 quod
690 3802 779 3856 Maius
796 3820 853 3857 non
871 3802 1002 3855 correxit!
1023 3833 1053 3839 -
1078 3800 1197 3854 Omnino
1215 3800 1319 3854 Fronto
1338 3817 1405 3868 prae

268 3889 353 3944 oculis
370 3888 457 3943 habet
475 3887 588 3941 Sextum
607 3887 768 3957 cmpiricum
784 3885 872 3940 Marci
889 3885 1055 3953 magistrum
1068 3884 1144 3937 661116
1156 3884 1226 3937 haec
1242 3882 1303 3952 ipsa
1320 3885 1406 3938 verba

267 3974 398 4042 leguntur
414 3972 545 4041 pyrrhon.
565 3973 598 4025 ΙΙ.
619 3972 690 4028 1411,
711 3976 760 4024 198
773 3988 832 4038 sqq.
853 3972 881 4023 et
898 3970 995 4024 contra
1006 3970 1061 4037 leg.
1078 3975 1107 4021 11
1121 3968 1149 4021 ff.
1163 3974 1212 4021 418
1224 3984 1283 4035 sqq.
1314 3967 1405 4034 Atque

251 4046 331 4111 'hinc
349 4058 511 4110 confirmare
529 4056 595 4109 licet
613 4056 727 4110 Sextum
748 4054 827 4107 illum
851 4056 1067 4108 chaeronensem
1091 4069 1189 4106 revera
1211 4052 1330 4104 eundem
1347 4069 1406 4105 6666

268 4145 352 4209 atquc
370 4142 443 4194 hune
460 4140 634 4209 empiricam,
657 4141 754 4194 contra
776 4138 934 4192 criticorum
957 4135 1154 4190 dubitationes.
1189 4136 1295 4189 Harum
1313 4138 1406 4189 autem

268 4227 441 4295 argutiarum
464 4242 548 4279 66666
569 4225 627 4293 ipse
649 4224 758 4277 Marcus
777 4240 839 4280 curn
857 4223 893 4276 ab
911 4222 973 4275 aliis
990 4221 1085 4274 1111666
1104 4221 1159 4287 661,
1181 4221 1241 4273 tum
1263 4218 1348 4273 etiam
1370 4219 1405 4273 ab

268 4310 367 4365 Avidio
387 4309 488 4364 Cassio.
526 4307 671 4377 Capitolio.
691 4308 720 4360 in
737 4307 817 4361 huius
836 4306 901 4361 1116.
938 4310 1033 4360 Maius.

352 4401 368 4447 4
385 4395 428 4447 F.:
452 4397 532 4448 nullus
550 4400 576 4446 in
593 4399 736 4461 synonymis
755 4402 868 4446 ornatus.
903 4395 1079 4455 Heindorfius.

283 4477 287 4484 ’
354 4485 369 4533 5
386 4478 475 4533 Maius
492 4478 591 4532 1666111
607 4482 682 4542 idam,
700 4491 754 4543 quo
772 4474 908 4529 vocabulo
927 4474 1021 4528 Codex
1038 4475 1123 4528 caret.

353 4563 458 4618 coedi
474 4562 621 4616 lectionem
638 4559 713 4624 Maii,
730 4551 779 4614 sad
790 4576 846 4612 non
859 4558 925 4612 satis
942 4560 985 4612 661
1001 4558 1085 4627 spatii
1095 4557 1125 4611 in
1138 4555 1238 4611 Codice
1256 4555 1303 4623 qui
1320 4556 1407 4609 habet

268 4648 336 4703 DIC.
366 4648 441 4702 Malo
459 4653 530 4701 deum
551 4664 613 4700 oum
634 4644 685 4697 Ed.
702 4642 813 4698 Mediol.

354 4740 368 4787 7
387 4731 572 4786 Heindorfius:
591 4736 650 4782 item
668 4728 747 4782 dulce
765 4744 821 4794 esu,
840 4734 898 4781 item
914 4727 941 4781 h.
959 4727 977 4780 i.

353 4823 369 4869 8
386 4815 487 4884 Incipit
504 4815 571 4869 Cod.
588 4833 615 4883 p.
636 4818 693 4869 387.

354 4909 370 4959 9
387 4899 512 4955 Periitin
522 4897 701 4973 sequentibus
710 4897 816 4957 lacunis
825 4896 991 4955 laterculum
1000 4913 1086 4953 unum
1095 4912 1157 4948 cum
1168 4893 1291 4949 dimidio.
1312 4896 1406 4947 Maius.
