3300 6050
264 883 325 946 164
472 881 508 935 Μ,
523 880 693 936 CORNELII
709 881 916 936 FRONTONIS
934 883 1190 972 EPISTULnuUM
1247 948 1249 951 Ι

261 1052 353 1115 valde
380 1055 493 1135 potens
522 1056 585 1137 est,
621 1054 704 1137 quod
733 1075 854 1117 summe
883 1054 1010 1118 efficere
1031 1056 1134 1137 possis
1141 1105 1149 1138 ,
1185 1055 1282 1118 etiam
1309 1056 1399 1119 velle.

261 1151 352 1216 Nihil
374 1154 444 1217 istis
468 1155 612 1217 sensibus
642 1155 793 1238 validius,
818 1155 900 1218 nihil
923 1156 1115 1238 elocutione,
1147 1156 1235 1220 salva
1263 1158 1401 1220 sanitate

261 1256 361 1319 tamen
374 1256 394 1338 ¹,
420 1256 553 1319 civilius
599 1255 711 1340 Neque
733 1258 819 1320 enim
842 1257 902 1321 hoe
926 1258 1151 1341 committam2,
1183 1262 1220 1321 ut
1242 1264 1274 1323 te
1296 1259 1401 1322 iustis-

260 1357 341 1420 sima
363 1357 455 1420 laude
477 1359 637 1442 fraudem,
673 1359 749 1422 dum
776 1363 895 1443 metuo,
918 1382 960 1423 ne
987 1360 1163 1424 insolenter
1183 1359 1293 1424 laudes
1315 1382 1401 1423 meas

88 1514 95 1525 .
131 1519 132 1522 ,
166 1504 173 1533 .,
260 1459 396 1522 laudem.
428 1458 517 1523 Bene
538 1461 639 1544 igitur
662 1461 814 1543 accepisti
837 1465 870 1525 et
891 1462 1069 1526 rectissimo
1092 1484 1196 1545 opere,
1222 1462 1272 1525 oui
1293 1462 1399 1544 plane,

260 1561 400 1643 seposita
422 1562 567 1644 materia,
592 1563 694 1626 omnis
717 1562 819 1626 honor
841 1563 990 1627 debetur:
1014 1567 1154 1627 ceterum
1177 1564 1216 1626 ad
1238 1566 1400 1627 ostentan-

260 1662 353 1725 dum³
375 1662 454 1724 mihi
478 1663 620 1726 animum
642 1667 733 1727 tuum
751 1687 817 1728 non
840 1665 980 1730 multum
1000 1666 1082 1750 egit:
1106 1687 1182 1728 nam
1204 1687 1272 1728 esse
1294 1668 1327 1752 te
1349 1665 1400 1728 be-

259 1763 486 1848 nignissimum
508 1765 650 1828 omnium
671 1766 831 1830 factorum
854 1770 886 1830 et
908 1767 1065 1831 diotomm
1087 1789 1229 1831 meorum
1253 1766 1401 1830 eoncilia-

259 1868 362 1929 torem
383 1867 464 1929 bene
486 1888 647 1930 noveram.
693 1867 774 1931 Vale
796 1868 841 1930 mi
863 1867 1000 1951 Fronto,
1025 1869 1187 1932 carissime
1208 1868 1297 1931 mihi.

343 1967 403 2032 Illa
430 1989 504 2050 pars
533 1969 686 2032 orationis
714 1972 789 2033 tuae
818 1970 904 2033 eirea
930 1969 1103 2051 Faustinae
1130 1992 1219 2035 meae
1247 1969 1400 2034 honorem

258 2070 440 2154 gratissime
464 2092 482 2131 a
504 2073 536 2133 te
559 2071 705 2134 adsumta
734 2071 838 2134 verior
860 2070 940 2134 mihi
962 2094 1059 2155 quam
1079 2073 1227 2137 disertior
1250 2073 1317 2136 visa
1339 2075 1397 2134 est.

258 2171 343 2236 Nam
369 2173 415 2234 ita
443 2192 477 2234 se
504 2193 554 2235 res
584 2172 697 2236 habet:
735 2172 864 2236 mallem
892 2172 1074 2236 mehercule
1102 2173 1218 2256 Gyaris
1244 2196 1316 2236 oum
1343 2173 1399 2235 illa
1439 2254 1441 2256 1
1491 2251 1498 2264 ⁶

258 2296 353 2357 quam
376 2274 445 2336 sine
467 2273 542 2335 illa⁴
565 2273 600 2336 in
622 2273 749 2338 Palatio
771 2274 908 2337 viveres.

488 2527 561 2592 ΙΙΙ.
605 2525 786 2592 Antonino
814 2528 881 2593 Pio
904 2525 995 2609 Aug.
1018 2528 1165 2592 Fronto.

343 2662 377 2727 si
405 2663 531 2726 evenire
558 2666 681 2746 posset,
712 2662 805 2746 Imp,
840 2667 877 2726 ut
905 2663 1001 2727 amici
1029 2685 1066 2726 ao
1093 2663 1269 2726 familiares
1296 2664 1398 2727 nostri

257 2765 376 2828 nostris
411 2764 552 2827 moribus
586 2767 702 2827 cuneta
742 2765 907 2848 agerent⁵,
943 2764 1080 2827 maxime
1121 2763 1251 2828 vellem:
1298 2768 1397 2846 tumr,

258 2867 285 2929 si
318 2888 398 2957 non¹
416 2865 571 2948 moribuS,
603 2868 637 2927 at
669 2865 783 2928 saltem
816 2869 853 2928 ut
882 2866 1023 2929 consiliis
1045 2867 1163 2949 ubique
1185 2865 1303 2928 nostris
1323 2868 1399 2928 ¹ute-

258 2967 400 3031 renturb.

283 3141 285 3145 7
344 3068 406 3133 sed
428 3069 578 3151 quoniam
601 3070 710 3133 suum⁷
728 3070 880 3152 cuiusque
896 3069 1064 3164 ingenium
1085 3070 1186 3133 vitam
1207 3069 1396 3153 gubernat⁰‚

257 3172 361 3235 fateor
384 3192 478 3254 aegre
501 3172 585 3234 ferre
609 3193 675 3253 me,
700 3171 784 3254 quod
806 3170 928 3234 amious
950 3170 1074 3254 meust8
1103 3169 1206 3254 Niger
1223 3158 1398 3234 =Censorius

256 3276 450 3338 testamento
468 3295 539 3356 suo,
564 3295 626 3356 quo
648 3294 699 3336 me
722 3271 872 3335 heredem
893 3273 1046 3354 instituit,
1070 3293 1184 3354 parum
1199 3272 1304 3335 verbis
1319 3275 1397 3336 tem-

257 3378 387 3539 Pesfflffl·
402 3497 461 3559 ego
483 3477 605 3539 factum
628 3478 695 3540 eius
721 3476 885 3566 improbus
908 3476 969 3539 sim
991 3476 1017 3538 si
1037 3475 1237 3539 defendendo
1259 3496 1397 3559 purgare

258 3632 459 3643 ..-—--—--·

238 3744 241 3750 ·
343 3731 360 3767 a
378 3718 411 3766 In
428 3718 553 3781 margine:
575 3712 688 3766 Mallem
706 3710 739 3751 ’-
756 3712 857 3766 vivere.

341 3799 359 3851 b
379 3802 412 3850 In
430 3802 555 3865 margine:
574 3794 603 3848 si
622 3797 731 3851 evenire
743 3798 840 3867 posset
853 3799 884 3850 ut
896 3814 949 3851 am.
964 3827 997 3835 -
1009 3797 1134 3866 agerent,
1147 3794 1266 3849 maxime
1284 3795 1397 3849 vellem:

175 3932 179 3947 ,
257 3883 318 3934 tum
335 3882 357 3935 si
374 3912 408 3923 -
425 3882 578 3935 uterentur.

343 3984 357 4019 c
374 3971 407 4019 In
420 3971 544 4034 marpine:
558 3964 613 4018 Sed
625 3966 756 4034 quoniam
769 3983 848 4021 suam
861 3966 991 4034 cuiusque
1002 3965 1145 4034 ingenium
1153 3965 1240 4030 vitam
1249 3964 1396 4031 gubernat.

343 4177 355 4224 l
376 4168 441 4222 eod.
462 4169 509 4221 TA
528 4212 534 4222 .
556 4212 560 4222 .
582 4211 602 4236 .,
621 4169 696 4236 quod
717 4168 843 4238 supplevi
864 4179 954 4222 tamen.
988 4168 1077 4223 Maius
1102 4184 1199 4223 vocem
1216 4167 1323 4221 omisit.

342 4253 442 4307 20011.
463 4259 578 4307 omittam.
615 4253 741 4308 Correxit
757 4253 855 4308 Maius.

343 4346 359 4391 3
378 4337 484 4392 Codex:
508 4345 692 4394 ostentandam.
847 4410 849 4412 ι

341 4422 407 4474 4111
429 4422 528 4475 Codioe
551 4422 661 4476 videtur
683 4438 742 4474 esse
764 4428 823 4475 ullu.
860 4419 991 4475 Faustina
1013 4420 1103 4474 tribus
1126 4421 1204 4475 annis
1230 4422 1296 4475 ante
1323 4420 1398 4474 diem

258 4505 357 4559 obiisse
376 4505 493 4561 videtur.

342 4596 357 4643 5
374 4591 480 4645 Mavult
497 4591 684 4644 Heindorfius:
703 4590 733 4643 id
750 4596 869 4644 inanime.

342 4680 357 4725 6
376 4674 441 4728 uod.
459 4693 486 4744 p,
506 4693 543 4728 m.
562 4687 635 4728 taum.

342 4765 356 4812 7
374 4759 449 4812 Nota
466 4760 495 4811 in
516 4758 643 4826 margine
661 4779 739 4812 suani.

341 4842 474 4910 8lnoipit
497 4841 562 4895 Cod.
586 4860 613 4911 p.
633 4847 690 4895 356.
733 4841 834 4896 Consul
859 4842 946 4910 Niger
972 4842 1092 4896 occurrit
1114 4842 1192 4895 annis
1209 4848 1259 4897 870
1283 4843 1313 4895 et
1339 4848 1397 4908 891,

256 4925 346 4993 primo
364 4926 492 4980 videlieet
511 4927 539 4978 et
556 4926 653 4979 ultimo
671 4926 807 4979 Hadriani
824 4924 987 4994 imperantis
1005 4944 1085 4979 anno.
1122 4930 1218 4980 Maius.
