3300 6050
364 881 413 935 AD
431 880 560 935 VERUM
576 878 696 934 IMPER.
716 877 905 932 AURELIUM
923 875 1115 932 CAESAREM
1131 875 1239 948 Linon
1255 875 1276 928 Ι.
1336 875 1396 941 115

176 1131 181 1141 s
253 1053 324 1116 dem
346 1055 470 1134 vetare,
501 1052 616 1115 durum
637 1072 750 1135 prosus
774 1052 869 1134 atque
898 1048 1110 1128 inhumanum
1133 1050 1196 1111 est:
1231 1045 1396 1139 consimile

252 1157 288 1216 ut
317 1155 344 1216 si
374 1154 414 1216 ab
443 1152 584 1235 hospite,
620 1152 674 1236 qui
702 1154 735 1215 te
763 1150 899 1214 Falerno
927 1150 1079 1234 accipiat,
1118 1150 1201 1232 quod
1228 1170 1301 1212 rure
1329 1148 1396 1211 eius

252 1258 365 1319 natum
393 1251 478 1317 domi
506 1254 674 1337 superfiat,
707 1252 861 1318 Cretense
886 1252 1028 1335 postules
1056 1251 1107 1315 vel
1129 1250 1395 1335 Sap¹guntinu1m

253 1357 335 1439 quod
368 1355 503 1419 malum!
540 1355 618 1418 foris
646 1355 863 1438 quaerendum
890 1353 950 1416 sibi
980 1355 1075 1435 atque
1103 1353 1310 1441 mercandum
1343 1350 1395 1413 sit.

253 1457 337 1532 Quid
359 1509 365 1520 .
385 1509 391 1520 .
410 1509 416 1519 .
436 1457 478 1520 .³²
505 1456 601 1519 Haud
616 1456 717 1540 igitur
731 1457 913 1519 indicarent
935 1477 972 1518 ea
994 1455 1021 1518 si
1045 1505 1051 1517 .
1071 1505 1076 1517 .
1096 1504 1102 1517 .
1121 1454 1148 1516 .³
1182 1452 1264 1528 Quid
1287 1454 1398 1516 nostra

253 1558 407 1622 memoria
439 1557 639 1641 Euphrates,
673 1557 750 1639 llio,
781 1557 995 1637 Timocrates
1026 1553 1273 1618 Athenodotus?
1322 1554 1398 1637 quid

253 1660 367 1724 horum
388 1661 543 1743 magister
558 1657 769 1722 Musonius?b
797 1679 907 1721 nonne
930 1679 1053 1720 summa
1074 1655 1227 1720 facundia
1249 1654 1396 1738 praediti,

254 1783 357 1845 neque
379 1763 485 1824 minus
509 1760 686 1844 sapientiae
708 1782 804 1844 quam
827 1759 1027 1843 eloquentiae
1049 1758 1153 1843 gloria
1172 1757 1287 1820 incluti
1303 1756 1398 1819 exsti-

254 1862 388 1927 terunt?
426 1864 482 1924 An
502 1861 556 1924 tui
582 1912 588 1925 .
614 1913 620 1924 .
647 1912 653 1924 .
679 1849 823 1925 consulto
846 1861 950 1924 verbis
972 1862 1085 1923 usum⁵
1109 1910 1244 1924 .....
1268 1880 1309 1921 ne
1331 1856 1399 1940 pal-

253 1965 332 2027 lium
354 1963 482 2047 quidem
504 1963 649 2026 sordibus
671 1963 811 2026 obsitum
828 1949 969 2027 candido
997 1966 1029 2025 et
1056 1983 1135 2046 pure
1161 1962 1249 2024 lanto
1271 1960 1398 2043 praetu-

254 2065 367 2130 lisset?
403 2063 475 2129 Nisi
497 2064 581 2128 forte
604 2087 675 2128 eum
697 2068 734 2127 tu
757 2065 914 2128 arbitrare
938 2063 1085 2127 claudum
1108 2083 1231 2147 quoquc
1253 2060 1399 2125 consulto

254 2168 393 2249 factum,
423 2170 455 2230 et
482 2189 609 2231 servum
638 2165 783 2230 consulto
810 2171 951 2230 natum0.
997 2164 1202 2248 Quidigicur
1224 2163 1297 2226 est?
1331 2166 1399 2225 tam

254 2269 349 2332 facile
371 2268 446 2332 ille*3
470 2319 930 2332 ................

642 2472 695 2536 ΙΙ.
728 2471 902 2554 Magistro
925 2470 1012 2538 lico.

343 2659 349 2671 .
375 2659 381 2671 .
406 2608 455 2692 .l⁷
471 2611 591 2690 nostm,
616 2607 825 2691 Calpurnium
848 2608 928 2690 dice,
953 2606 1117 2671 contentio
1140 2609 1198 2689 est,
1223 2627 1317 2690 quem
1339 2627 1399 2689 ego

256 2709 366 2792 facile,
397 2713 429 2772 et
451 2709 597 2772 omnibus
620 2710 857 2793 spectantibus,
886 2711 919 2772 et
946 2713 994 2791 te,
1024 2709 1049 2771 si
1077 2708 1287 2791 spectaveris,
1316 2711 1400 2770 teste
1459 2719 1462 2725 '

256 2812 428 2893 revincam,
452 2808 622 2894 Pyladem8
644 2810 800 2896 magistro
815 2811 891 2874 suol
914 2811 1012 2874 istum
1032 2812 1125 2873 tanto
1140 2809 1303 2874 mehorem
1319 2831 1398 2891 esse,

341 3032 358 3069 a
378 3018 409 3067 In
427 3019 552 3082 naar-piae:
571 3012 714 3083 Epictetus
731 3012 894 3067 incuriosus.
926 3011 1061 3080 Socrates,
1079 3013 1242 3082 Xenophon,
1260 3012 1400 3067 Antisthe-

257 3116 315 3165 nes,
333 3100 491 3165 Aeschines,
509 3099 598 3152 Plato.
619 3101 623 3107 ’

341 3183 359 3236 b
378 3187 412 3236 In
429 3190 552 3250 marpine:
571 3182 735 3252 Euphrates,
758 3182 819 3249 Dio,
839 3182 1019 3249 Timocrates,
1038 3182 1232 3236 Athenodotus
1251 3184 1279 3235 et
1299 3182 1400 3235 horum

257 3266 390 3336 magister
406 3266 555 3333 Musonius,
573 3266 732 3336 philosophi
751 3266 976 3335 eloquentissimi.

343 3370 357 3405 c
378 3356 411 3405 In
429 3357 553 3421 rnarpine:
576 3350 635 3405 Nisi
657 3352 729 3405 forte
747 3349 906 3420 Epictetum
928 3351 1067 3406 arbitrare
1090 3352 1175 3405 etiam
1193 3352 1321 3405 claudum
1339 3368 1401 3405 con·

258 3435 330 3488 sulto
348 3436 459 3489 facturn.
487 3436 646 3504 Numquam
663 3434 844 3489 volumtarias
862 3436 1011 3489 verborum
1028 3436 1122 3489 sordes
1138 3435 1280 3490 induisset.
1316 3436 1400 3490 Forte

259 3521 287 3572 et
304 3535 398 3573 servus
416 3520 541 3573 consulto
560 3523 641 3574 natus
659 3522 701 3574 est
718 3520 849 3590 sapiens?
879 3521 927 3575 sed
944 3521 986 3575 ita
1004 3520 1163 3589 eloquentia
1187 3520 1276 3575 caruit
1296 3520 1400 3590 pedum

258 3602 458 3658 incolumitate.

258 3824 374 3878 videtur.
405 3824 597 3879 Lachmannus
615 3823 720 3879 Comm.
733 3826 762 3879 in
773 3826 882 3879 Lucret.
900 3844 927 3895 p.
937 3832 980 3879 14:
999 3832 1034 3879 nd
1050 3832 1145 3894 epulas,
1164 3826 1276 3879 interim
1294 3832 1399 3896 quidem.

194 3952 196 3957 .
259 3908 387 3962 Orellius:
407 3913 551 3964 Menelaum
564 3916 604 3963 nd
621 3918 709 3977 epulas
726 3922 864 3965 mernerunt
881 3911 925 3964 vel
943 3921 1022 3980 alunt,
1040 3916 1097 3963 item
1115 3915 1199 3977 recipi
1214 3915 1292 3964 iubes.

344 3999 356 4045 1
375 3992 477 4061 Incipit
495 3992 560 4046 Cod.
580 3993 644 4047 Vat.
663 4012 690 4062 p.
704 4001 727 4060 3,
745 3995 774 4047 in
793 4010 849 4061 qua
865 3997 978 4064 praeter
995 3993 1151 4063 marginem
1167 4012 1240 4047 nunc
1256 3994 1326 4047 nihil
1343 3995 1401 4062 legi

257 4078 359 4145 potest.

343 4167 358 4213 2
376 4160 445 4228 Legi
462 4164 603 4230 nequeunt
620 4179 714 4217 versus
732 4162 861 4217 undecim
878 4163 958 4217 huius
975 4163 1111 4217 latercuh
1148 4168 1242 4217 Maius.

344 4252 359 4298 3
376 4245 481 4298 Rursus
498 4245 555 4314 legi
572 4249 713 4314 nequeunt
730 4265 823 4303 versus
841 4266 948 4303 novem.
987 4252 1080 4304 Maius.

342 4328 480 4400 4Supple
500 4329 553 4383 duo
572 4332 666 4386 verba.
702 4337 796 4387 Maias.
954 4394 957 4398 ,

344 4419 359 4466 5
376 4413 447 4466 Exin
465 4413 585 4481 quinque
602 4432 697 4469 versus
715 4416 772 4485 legi
790 4420 938 4485 nequeunt.
977 4422 1070 4471 Maias.

343 4504 358 4551 6
376 4497 541 4567 Emarginis
552 4499 683 4553 lemmate
692 4500 758 4554 licet
766 4501 935 4570 particulam
944 4502 1072 4571 supplere
1081 4500 1162 4554 huius
1170 4502 1294 4555 lacunae.
1307 4506 1400 4555 Maius.

343 4589 357 4636 7
376 4581 476 4651 Incipit
494 4580 560 4636 Ood.
579 4583 707 4638 Ambros.
725 4603 753 4654 p.
767 4591 825 4638 426.
863 4584 997 4654 Suppleo:
1015 4585 1084 4638 Mihi
1102 4603 1164 4639 cum
1182 4598 1279 4640 nostro.

343 4672 359 4721 8
377 4666 583 4720 Pantomimum
605 4668 648 4722 cui
666 4670 743 4722 extat
760 4668 904 4737 inscriptio
923 4687 986 4723 cum
1006 4669 1132 4724 iconibus
1150 4669 1264 4723 scenicis
1281 4669 1310 4722 in
1328 4670 1402 4724 aedi-

209 4769 211 4772 ·
258 4750 310 4803 bus
327 4751 515 4806 bibhothecae
532 4752 741 4807 Ambrosianae.
780 4757 875 4806 Maius.

344 4840 359 4888 9
378 4834 448 4889 Tam
466 4835 601 4905 magistro
620 4854 704 4904 quam
723 4836 859 4907 discipulo
878 4854 1032 4912 cognomen
1050 4836 1101 4891 fuit
1119 4837 1246 4906 Pylades,
1272 4842 1343 4893 teste
1361 4839 1401 4892 in·

260 4918 409 4986 scriptione
428 4921 503 4989 apud
521 4922 670 4976 Gruterum
688 4928 783 4979 331.1.
820 4927 915 4978 Manu.

1162 5007 1201 5073 8*
