3300 6050
278 868 337 932 168
486 865 522 918 M.
537 863 707 928 CORNELII
724 863 931 919 rnonronls
950 864 1206 919 EPISTULARUM

275 1036 361 1100 suasi
371 1037 391 1117 ¹,
415 1035 459 1098 mi
474 1034 593 1098 Fronto
605 1035 781 1119 karissime,
806 1035 856 1098 vel
872 1037 1043 1119 praecipue
1065 1035 1153 1099 huno
1169 1037 1262 1120 diem,
1288 1060 1351 1121 quo
1367 1062 1417 1102 me

276 1134 436 1221 suscipere
459 1136 544 1200 hanc
567 1137 740 1200 stationem
763 1137 901 1220 placuit,
926 1154 951 1200 'a
972 1140 1005 1200 te
1027 1138 1230 1221 potissimum
1251 1162 1324 1221 vere
1347 1141 1418 1204 reli-

275 1241 426 1324 gioseque
450 1238 614 1303 eelebrari.
648 1238 704 1321 Et
727 1261 786 1323 ego
808 1240 936 1323 quidem
957 1243 990 1302 et
1013 1242 1086 1304 vota
1107 1243 1163 1303 tua
1191 1244 1223 1304 et
1245 1243 1277 1304 te
1299 1245 1416 1322 mente,

275 1343 311 1406 ut
333 1364 392 1424 par
415 1344 494 1424 erat,
518 1341 790 1425 11111111111111112
817 1389 1254 1406 ..............

543 1476 625 1540 VII.
671 1477 793 1561 (Cavio
815 1477 973 1543 Maximo
995 1479 1158 1559 Fronto.)

361 1595 441 1661 Cum
463 1592 675 1679 gravitatem3
698 1646 867 1660 ......
899 1596 998 1660 Dolor
1019 1597 1204 1661 iracundiae
1228 1597 1417 1661 coniunctus

276 1701 417 1762 mentem
438 1696 578 1760 hominis
601 1698 803 1780 perturbavit
834 1749 839 1760 .
866 1750 871 1761 .
898 1750 904 1760 .
949 1697 1132 1761 Virtutibus
1155 1700 1269 1762 ceteris
1291 1699 1416 1762 iracun-

277 1801 329 1863 dia
349 1821 508 1863 venenum
532 1820 569 1862 ac
591 1799 749 1882 pernicies
771 1799 835 1863 fuit
859 1849 1095 1863 ........
1135 1803 1197 1863 Sed
1217 1821 1301 1864 nemo
1322 1821 1417 1865 meum

276 1922 350 1979 erpo
373 1906 502 1979 Narem
524 1921 656 1964 amorem
679 1907 837 1980 vituperet,
870 1901 953 1985 l⁴qui
982 1923 1049 1965 non
1077 1904 1168 1964 tuum
1197 1904 1272 1965 ante
1294 1923 1418 1984 reprae-

276 2003 434 2067 henderit.

359 2104 525 2168 Postremo
546 2126 650 2187 neque
673 2126 733 2188 ego
755 2103 893 2188 Nigrum
916 2108 1094 2187 propterte
1110 2127 1217 2168 amare
1240 2126 1416 2188 coeperam,
1438 2120 1442 2128 ’

274 2210 311 2271 ut
333 2209 510 2290 propterte
526 2206 661 2270 eundem
684 2229 790 2270 amare
812 2196 1025 2289 desinerem³3
1047 2228 1150 2289 neque
1165 2210 1202 2270 tu
1216 2229 1267 2269 me
1283 2229 1302 2269 a
1316 2206 1419 2291 Nigro

274 2309 335 2372 tibi
357 2308 511 2372 traditum
534 2307 689 2391 diligere⁵
718 2309 861 2392 coepisti.
907 2307 1120 2383 Quamobrem
1140 2309 1267 2372 tecuml
1290 2329 1417 2391 quaese,

276 2411 395 2494 nequid
418 2410 503 2473 obsit
525 2409 667 2472 amicitia
689 2409 792 2491 nobis,
817 2411 921 2493 quae⁷
944 2409 1024 2474 nihil
1047 2409 1178 2493 profuit.

361 2511 431 2575 Iam
457 2511 484 2574 si
510 2510 680 2574 dicendum
702 2511 760 2592 sit,
790 2511 865 2574 deos
893 2514 1072 2575 testor‘me
1099 2532 1195 2594 saepe
1221 2510 1336 2573 vidisse
1363 2510 1418 2573 Ni-

278 2634 373 2698 grum
389 2612 576 2678 Censorium
596 2612 736 2676 ubertim
750 2612 882 2676 flentem
904 2613 1059 2677 desiderio
1074 2613 1121 2677 tui
1138 2616 1233 2696 atque
1248 2611 1342 2676 huius
1358 2612 1419 2675 dis-

278 2716 352 2780 cidii
375 2714 492 2778 dolore.

322 2853 324 2857 <
363 2815 425 2880 Sed
447 2815 508 2879 erit
529 2815 666 2879 fortasse
688 2818 815 2899 tempus
839 2816 940 2898 aliud,
971 2817 1053 2901 qu0⁸
1076 2838 1136 2901 ego
1158 2815 1330 2880 memoriae
1353 2815 1443 2895 eius·

278 2917 403 3002 placem
424 2920 457 2980 te
481 2939 518 2980 ae
539 2917 694 3003 mitigem.
1172 2908 1178 2920 ’

363 3018 499 3083 Interim
513 3020 632 3105 nequid
646 3019 708 3084 loci
723 3019 875 3104 malignis
898 3018 1081 3083 hominibus
1104 3020 1254 3083 adversus
1268 3040 1319 3082 me
1329 3012 1420 3102 'apud

281 3144 372 3185 aures
394 3125 467 3185 tuas
489 3125 615 3205 pateat,
639 3122 691 3186 ΙΙ.
711 3173 717 3186 .
736 3173 742 3185 .
760 3122 817 3186 ΟΕ
836 3174 842 3186 .
861 3122 969 3186 .ΟΙ.
993 3120 1419 3206 perperam..}..fidem:

279 3246 376 3308 quam
404 3244 499 3307 quom
526 3223 652 3287 firmam
680 3227 713 3314 et
741 3225 899 3288 sinceram
934 3246 1006 3287 cum
1033 3222 1184 3288 Censorio
1217 3224 1419 3304 servaverim,

280 3326 381 3389 multo
408 3326 513 3409 magis
541 3327 685 3408 profecto
712 3329 819 3390 tecum
851 3328 1041 3411 perpetuam
1073 3328 1168 3409 atque
1200 3325 1440 3409 incorruptam·

278 3427 416 3491 retinere
440 3427 593 3493 conitarl.

364 3614 381 3649 a
398 3601 432 3649 In
454 3602 580 3664 rnarpine:
615 3596 679 3649 Non
702 3612 755 3665 ego
777 3598 810 3650 N.
835 3614 862 3665 p.
886 3598 915 3650 te
942 3612 1037 3651 amare
1060 3612 1221 3664 coeperam,
1248 3596 1365 3664 propter
1391 3597 1420 3649 te

279 3698 374 3737 amare
390 3679 475 3735 desin.

366 3818 441 3872 1111
458 3814 561 3881 Maius3
591 3815 695 3871 amicus
718 3835 733 3871 e
752 3815 853 3871 Codice
872 3816 1029 3885 descripsit:
1053 3814 1164 3870 difficile
1182 3834 1228 3869 nce
1245 3822 1279 3869 mi
1296 3820 1354 3881 Fr.;
1373 3816 1422 3869 sed

281 3919 354 3956 nunc
373 3901 485 3969 quidem
502 3900 571 3953 mihi
590 3917 695 3956 errasse
712 3902 831 3956 videtur.
867 3901 1055 3955 Heindorfius:
1086 3913 1135 3954 tum
1157 3910 1183 3954 et
1204 3920 1239 3953 ex
1259 3905 1352 3954 litteris
1373 3906 1422 3953 tuis

281 3992 362 4040 animo
380 4005 434 4039 meo
453 4005 502 4039 non
520 3991 623 4053 difficile
639 3992 766 4054 persuasi.
1242 4020 1244 4022 -

365 4076 381 4123 2
399 4068 519 4139 Explicit
537 4068 603 4125 Cod.
622 4089 649 4141 p.
669 4075 726 4126 348.
762 4070 794 4123 In
811 4087 877 4139 pag.
897 4075 959 4136 347,
977 4086 1049 4138 quae
1067 4069 1200 4136 sequitur,
1217 4068 1287 4122 nihil
1304 4068 1423 4122 discerni

280 4154 381 4225 potest.
419 4152 550 4222 Sequitur
567 4173 594 4225 p.
613 4160 671 4221 354,
690 4171 761 4223 quae
780 4154 849 4208 duas
867 4154 953 4208 habet
970 4152 1122 4208 sententias
1139 4152 1168 4205 in
1185 4152 1319 4222 margine.

367 4245 382 4301 3
400 4239 442 4291 Ex
459 4237 549 4292 indice
571 4238 737 4307 suppletum.
775 4238 883 4292 Titulus
906 4237 1041 4307 epistulae
1064 4238 1169 4291 sumtus
1191 4254 1225 4291 ex
1246 4236 1340 4290 Indice
1357 4236 1423 4290 libri

283 4339 335 4377 sec.
356 4322 392 4377 ad
408 4321 529 4390 Amicos,
548 4340 631 4391 quem
648 4321 719 4377 vide.

365 4414 382 4461 4
399 4406 520 4462 Litterae
538 4406 646 4462 italicas
662 4407 752 4461 Maius
771 4408 919 4477 supplevit.
956 4406 1057 4476 Incipit
1079 4406 1145 4461 Ood.
1163 4425 1191 4476 p.
1211 4411 1269 4461 353.

368 4499 383 4546 5
400 4491 501 4546 Maius:
521 4512 615 4545 amore.
920 4543 922 4547 ,

366 4584 382 4630 6
399 4576 590 4642 Archidemus,
610 4576 643 4629 cf.
662 4576 751 4631 Plaut.
771 4578 842 4631 Rud.
857 4577 903 4630 III.
923 4582 948 4630 4.
967 4581 1008 4629 68.
1035 4576 1104 4630 Gell.
1124 4575 1182 4629 XX.
1198 4582 1220 4629 1.
1246 4580 1421 4642 Heindorfius.

281 4661 370 4716 Maius
388 4660 466 4715 addit
485 4661 596 4715 Terent.
615 4660 714 4730 Hecyr.
734 4662 780 4716 IV.
799 4667 823 4716 4.
844 4667 884 4715 64.

367 4753 381 4800 7
402 4745 506 4800 Codex:
526 4751 575 4814 qui.

367 4837 383 4884 8
401 4829 506 4883 Codex:
526 4836 600 4898 qood.

368 4915 445 4969 9Ita
462 4913 563 4968 Codex.
