3300 6050
454 856 503 925 All
521 857 556 909 M.
572 855 763 909 CAESAREM
781 856 827 910 ΕΤ
849 855 997 909 lNVlCIlM
1015 857 1124 909 Lllllllt
1144 857 1175 909 Η.
1354 858 1390 920 31
1432 877 1434 881 ·

152 1084 176 1111 ·.
203 1068 206 1073 ·
250 1038 319 1091 tuus
345 1037 405 1091 taor
434 1032 492 1089 cilo
519 1033 628 1090 crescit
660 1046 750 1103 parom
776 1047 899 1106 porrus,
928 1027 1008 1088 tora¹
1038 1033 1126 1102 firme
1153 1046 1243 1102 qveam
1270 1033 1394 1103 poliam

251 1126 313 1190 hoc
334 1126 434 1210 igitur
456 1147 516 1210 ego
539 1127 578 1189 ad
601 1127 792 1189 desiderium
814 1130 918 1201 verto,
948 1128 1030 1209 quod
1059 1126 1114 1189 ille
1141 1125 1179 1186 de
1208 1148 1314 1188 amore
1337 1126 1392 1187 ait.

233 1225 354 1299 ⁸²Volo
378 1228 417 1290 ad
438 1230 472 1290 te
493 1227 586 1310 pluro
608 1227 761 1309 scribere,
786 1228 841 1291 sed
863 1227 945 1290 nihil
967 1228 1118 1310 suppetit.

337 1327 422 1392 Ecce
445 1329 529 1411 quod
551 1329 585 1390 in
609 1328 751 1391 animum
774 1328 872 1392 venit.

337 1424 633 1512 Encomi'ographos
672 1429 751 1492 istos
785 1429 960 1509 audinum,
998 1449 1130 1512 graecos
1163 1428 1301 1526 sciliceta
1340 1427 1394 1491 sed

251 1529 349 1592 miros
365 1527 542 1612 'mortalem
576 1533 630 1592 nut
659 1551 734 1613 ego,
770 1530 823 1612 qui
854 1552 873 1591 a
905 1550 1022 1613 graeco
1054 1529 1236 1591 litteratura
1268 1531 1395 1592 tantum

253 1629 381 1713 absum,
416 1615 570 1713 quantum
594 1653 612 1693 a
633 1633 720 1693 terra
744 1630 879 1695 Graecia
901 1652 993 1693 mons
1016 1629 1142 1694 Caelius
1164 1631 1271 1693 meus⁴
1293 1630 1393 1713 abest,

250 1734 362 1794 tamen
376 1753 427 1794 me
443 1753 567 1814 sperem
589 1731 653 1794 illis
676 1734 895 1814 comparatum
916 1732 1013 1794 etiam
1028 1730 1269 1813 Theopompum
1291 1732 1395 1813 aequi-

139 1834 146 1842 '
251 1852 364 1915 perare
396 1853 503 1915 posse:
537 1854 613 1896 nam
633 1832 718 1895 hunc
747 1833 840 1895 audio
875 1836 952 1914 aput
980 1831 1119 1895 Graecos
1152 1831 1396 1894 disertissimum

250 1936 365 1997 natum
387 1955 465 1997 esse.
678 1938 682 1945 '

336 2033 441 2117 Igitur
462 2055 564 2116 paene
586 2056 636 2097 me
658 2034 827 2117 opicumb5
855 2033 1052 2096 animantem
1080 2035 1119 2096 ad
1147 2055 1297 2116 graecam
1320 2034 1394 2096 scri-

251 2137 379 2217 pturam
394 2134 603 2217 perpulerunt
618 2135 772 2218 homineS,
797 2137 834 2198 ut
849 2133 1004 2198 Caecilius
1028 2133 1083 2215 ait,
1108 2141 1251 2198 incolomi
1268 2142 1394 2197 roseico-

251 2235 330 2298 te'o.⁶
358 2235 488 2299 Caelum
514 2236 755 2318 neapolitanum
782 2235 896 2318 planec
927 2228 1134 2317 commodum,
1173 2235 1195 2318 l⁷
1217 2235 1272 2297 sed
1300 2234 1394 2297 vehe-

251 2338 378 2428 menter
398 2336 531 2399 varium.
577 2336 615 2399 ln
644 2336 779 2420 singulis
807 2336 955 2419 scripulis
983 2335 1133 2398 horarum
1160 2334 1309 2417 frigidius
1339 2338 1394 2397 aut

251 2437 390 2520 tepidius
420 2439 476 2500 aut
503 2436 662 2501 horridius
691 2440 738 2500 lit.
784 2438 854 2500 Iam
880 2438 1019 2520 primum
1046 2436 1150 2499 media
1182 2457 1246 2498 nox
1273 2435 1392 2518 tepida,

251 2537 449 2601 laurentina:
492 2541 562 2600 tum
590 2541 695 2601 autem
729 2537 949 2621 galliciniumd
978 2537 1184 2621 frigidulum8
1212 2537 1393 2599 lanuinum:

251 2637 317 2701 iam
351 2638 566 2702 conticinum⁹
607 2642 701 2723 atque
725 2639 924 2727 matutinum
955 2641 1057 2722 satque
1090 2637 1263 2701 diluculum
1296 2658 1394 2720 usque

252 2739 294 2801 ad
321 2740 396 2802 solis
422 2742 537 2821 ortum,
567 2741 718 2823 gelidum,
754 2741 794 2803 ad
821 2740 977 2823 Algidum
1003 2740 1163 2802 maxime:
1194 2739 1277 2802 exim
1305 2740 1394 2800 ante-

251 2840 393 2903 meridie·
409 2842 433 2881 ¹⁰
442 2840 595 2923 apricum,
620 2841 840 2904 tusculanum:
869 2844 938 2903 tum
960 2840 1107 2903 meridies
1129 2839 1261 2921 fervida,
1285 2841 1394 2921 puteo-

251 2940 343 3004 lana:
374 2943 407 3003 at
430 2941 515 3004 enim
537 2942 591 3004 ubi
615 2942 660 3004 sol
683 2942 815 3005 latum¹¹
847 2942 887 3003 ad
910 2963 1064 3004 oceanum
1086 2941 1259 3023 profectus,
1283 2942 1320 3001 lit
1343 2940 1394 3001 de-

251 3063 339 3106 mum
363 3043 485 3106 caelum
507 3044 695 3127 modestius,
727 3044 810 3126 quod
833 3065 935 3127 genus
956 3042 1164 3105 tiburtinum:
1202 3042 1235 3104 id
1262 3063 1395 3123 vespera

316 3221 319 3226 ’
338 3227 356 3263 a
372 3216 407 3264 lo
424 3217 548 3279 nzorpine:
567 3213 591 3265 A
610 3213 718 3266 (lraeca
735 3212 788 3265 litt.
810 3243 842 3273 —A
860 3228 876 3264 a
894 3214 971 3264 terra
989 3212 1095 3263 Greeia.

337 3295 355 3347 h
374 3300 407 3348 In
424 3302 550 3365 morqine:
569 3297 679 3365 opicum
696 3313 748 3348 mc.

338 3383 404 3433 cIo
421 3387 546 3449 marpine:
565 3379 645 3433 alibi:
664 3397 739 3435 sune.

338 3463 355 3516 d
373 3467 407 3517 Io
423 3470 548 3533 nrurpr'oe:
567 3464 737 3542 gallicidium
756 3464 925 3531 frigidulum.

340 3639 352 3686 1
373 3632 477 3689 Codex:
496 3654 577 3703 quoue.

336 3717 584 3788 eratspatium.

338 3808 353 3855 3
372 3802 502 3856 Orellius:
524 3809 654 3857 auditurus.

336 3892 352 3939 4
370 3885 441 3950 Quia
458 3888 562 3941 scilieet
578 3888 687 3942 Marcus
704 3890 733 3942 in
751 3889 845 3942 Caelio
863 3895 944 3942 natus
962 3890 1012 3942 est.
1045 3887 1162 3956 Capitol.
1182 3905 1203 3942 c.
1218 3895 1240 3943 1.
1264 3894 1358 3944 illotus.

337 3971 414 4024 aad
436 3971 508 4025 hunc
530 3973 621 4026 locum
643 3974 809 4027 Niebuhrius
835 3973 960 4042 pluribus
987 3972 1112 4041 disputat
1138 3972 1204 4040 quid
1234 3973 1270 4026 sit
1296 3982 1391 4043 opicus,

251 4052 342 4108 Hodie
358 4072 403 4109 res
421 4058 488 4111 satis
506 4059 582 4111 nota.
618 4058 764 4112 Cramerus
783 4059 892 4112 scribit:
912 4065 1010 4127 opicum
1028 4056 1188 4111 aniurarunt
1207 4061 1235 4111 et
1253 4066 1296 4113 ad.

340 4145 355 4192 6
373 4141 440 4194 Post
458 4142 585 4210 spatium.
841 4202 845 4209 Ι

269 4258 271 4262 .
338 4230 352 4277 'l
369 4225 472 4295 Incipit
490 4225 556 4281 Cod.
575 4227 701 4281 Ambros.
719 4247 746 4297 p.
761 4235 808 4283 108
828 4246 890 4282 cum
911 4227 1090 4297 inscriptione
1109 4227 1256 4281 CAESAR.
1277 4230 1343 4282 LlB.
1357 4230 1391 4283 ll.

335 4308 554 4380 SSuprascript.
580 4329 632 4364 see.
652 4331 688 4365 m.
734 4313 867 4367 Praeterea
889 4312 979 4366 Maius
1004 4321 1153 4374 (frascanum,
1181 4312 1341 4366 sed'Codex
1363 4314 1391 4365 id

255 4393 330 4459 quod
348 4392 419 4448 dedi.

337 4480 413 4533 9Ita
432 4477 532 4547 Codex,
550 4480 644 4534 sedin
662 4481 801 4549 margine:
825 4488 992 4537 conticinium.
1022 4482 1111 4534 Maius
1129 4482 1198 4548 legit
1216 4486 1390 4534 vonlieioonm.

110 4613 115 4622 .
209 4535 212 4540 ’
252 4561 412 4633 Schopenus
433 4567 540 4619 confert
557 4566 674 4620 Varron.
694 4567 723 4618 n.
741 4566 771 4618 n.
792 4566 875 4620 vau
894 4566 953 4618 vu.
969 4572 1008 4619 ro.
1050 4564 1188 4617 comosa.
1209 4565 1240 4616 o.
1258 4564 1292 4617 u.
1312 4572 1388 4619 aar.

251 4648 374 4708 Macrob.
395 4649 505 4704 Satura.
520 4652 540 4703 l.
555 4658 570 4705 3
589 4652 674 4705 habet
692 4657 837 4703 contionum.

321 4739 353 4788 lo
369 4735 414 4789 Ita
431 4735 531 4789 Codex.
846 4722 850 4732 ⁴

321 4823 350 4871 ll
370 4821 413 4873 lta
436 4820 528 4874 Codex
554 4818 603 4877 sed
629 4821 782 4880 correctum
805 4829 908 4882 toalea.
939 4827 1014 4893 quod
1041 4822 1121 4881 eruut
1148 4821 1194 4895 qui
1221 4822 1388 4897 praeterat.

252 4906 423 4980 Schopenus:
443 4914 524 4966 lotum.
562 4910 632 4964 Tum
651 4912 768 4966 Orellius
786 4912 865 4979 legit:
884 4917 1033 4979 profectost.
