3300 6050
610 850 657 903 or
680 848 797 904 ruens
815 848 1055 904 Ausmusinos.
1314 834 1316 838 ’
1342 852 1406 916 229

347 1023 430 1086 Tum
451 1022 558 1102 Iovem
584 1022 658 1085 deos
681 1021 760 1085 alios
782 1024 1007 1106 percontatum
1029 1020 1304 1106 animadvertisse,
1334 1045 1406 1109 gra-

263 1125 342 1189 tiam
364 1124 495 1209 vigiliae
523 1123 724 1207 aliquantum
751 1122 886 1206 pollere3
914 1123 1072 1186 Iunonem
1099 1123 1266 1207 plerosque
1294 1128 1405 1207 partus

262 1230 436 1291 nocturnos
452 1225 549 1306 ciere3
572 1224 751 1288 Minervam
766 1225 884 1288 artium
898 1227 993 1308 atque
1009 1224 1167 1288 artificum
1181 1226 1383 1310 magistranil
1396 1227 1404 1266 ¹

262 1328 398 1392 multum
419 1326 547 1411 vigilari
569 1326 664 1409 velle,
692 1326 830 1390 Martem
856 1328 1032 1389 nocturnas
1064 1327 1247 1409 eruptiones
1275 1329 1308 1390 et
1329 1327 1406 1391 insi-

263 1429 331 1492 dias
359 1429 504 1492 mutare²
531 1427 655 1510 iuvare3
686 1426 847 1491 Venerem
874 1448 948 1490 vero
976 1431 1009 1490 et
1031 1427 1180 1491 Liberum
1210 1429 1311 1493 multo
1339 1451 1405 1492 ma-

263 1530 347 1593 xime
374 1529 637 1612 pernoctantibus
664 1529 783 1592 favere.
830 1528 926 1612 Sapit
958 1532 1028 1591 tum
1061 1529 1228 1593 consilium
1260 1530 1405 1615 luppiter

263 1629 374 1694 Somni
395 1631 585 1713 procreandi
607 1631 760 1714 eumque³
782 1631 818 1693 in
840 1631 933 1693 deum
948 1652 1118 1694 numerum
1133 1631 1293 1714 adsciscit,
1316 1632 1405 1695 nocti

263 1734 296 1796 et
320 1732 385 1795 otio
412 1732 577 1815 praeficit⁴
606 1731 697 1815 eique
726 1732 831 1796 eleves
859 1731 1021 1795 oculorum
1048 1732 1179 1795 tradita.
1224 1732 1406 1796 Herbarum

262 1854 385 1916 quoque
413 1854 521 1915 sucos,
551 1833 665 1916 quibus
694 1833 788 1898 corda
815 1832 982 1896 hominurn
1010 1832 1145 1896 Somnus
1168 1834 1304 1917 sopiret,
1339 1834 1405 1897 suis

261 1933 407 2017 luppiter
428 1935 576 1998 manibus
598 1936 792 2016 temperata
816 1933 999 1998 securitatis
1029 1937 1062 1998 et
1083 1933 1258 2018 voluptatis
1286 1934 1405 1999 herbae

263 2036 300 2100 de
324 2035 404 2099 caeli
425 2057 555 2099 nemore
577 2036 744 2118 advectae,
775 2036 813 2099 de
836 2033 1031 2099 Acheruntis
1054 2038 1162 2098 autem
1183 2037 1323 2118 prateis6
1347 2037 1406 2100 leti
1434 2079 1439 2088 =

262 2136 361 2200 herba
382 2137 496 2220 petita.
541 2137 620 2200 Eius
653 2138 711 2200 leti
738 2138 866 2222 guttam
893 2159 992 2200 unam
1024 2137 1197 2220 aspersisse
1224 2138 1403 2220 minimam,

263 2241 384 2322 quanta
405 2238 637 2302 dissimulantis
659 2237 793 2326 lacrima
816 2260 884 2302 esse
906 2238 1017 2302 soletb.

346 2339 427 2422 Hoc,
451 2340 567 2423 inquit,
592 2363 667 2404 suco
689 2361 835 2424 soporem
857 2339 1039 2403 hominibus
1062 2361 1119 2422 per
1133 2340 1297 2404 oculorum
1312 2363 1404 2425 repa-

264 2441 341 2526 gula
363 2441 486 2525 inriga:
511 2442 635 2525 cuncti,
665 2441 779 2525 quibus
800 2441 965 2525 inrigaris,
989 2441 1063 2505 ilico
1085 2445 1159 2524 post
1179 2442 1403 2526 procumbant,

156 2571 158 2575 ¹
263 2565 342 2626 pro.
358 2592 365 2606 .
380 2592 387 2607 .
403 2543 554 2606 mortuis⁷
570 2543 747 2607 immobiles
770 2543 936 2607 iacebunt:
968 2545 1037 2630 turn
1058 2547 1095 2606 tu
1115 2565 1157 2606 ne
1178 2543 1301 2626 timete,
1327 2567 1405 2608 nam

262 2644 392 2708 vivent⁸
415 2646 448 2707 et
468 2645 565 2726 paulo
586 2649 669 2730 post,
693 2645 748 2709 ubi
771 2645 1006 2729 evigilaverint,
1031 2648 1215 2729 exsurgent.

346 2745 423 2810 Post
444 2746 477 2809 id
498 2746 644 2831 luppiter
666 2747 749 2830 alas,
773 2769 840 2811 non
867 2750 904 2810 ut
931 2747 1089 2812 Mercurio
1117 2746 1252 2829 talares,
1284 2747 1339 2811 sed
1367 2751 1404 2811 ut

262 2847 374 2911 Amori
396 2849 540 2911 umeros9
564 2851 694 2932 exaptos
717 2848 835 2913 Somno
861 2849 1041 2913 adnexuit0.

345 2947 419 3012 Non
443 2949 529 3012 enim
549 2953 582 3013 16
604 2950 679 3013 solis
702 2952 758 3013 aut
766 2950 790 2990 ¹⁰
813 2950 909 3013 talari
931 2953 1046 3013 ornatu
1074 2950 1115 3013 ad
1141 2951 1277 3035 pupulas
1305 2951 1404 3015 homi-

262 3072 340 3113 num
363 3053 395 3113 61
409 3049 612 3134 palpebras¹¹
627 3052 790 3115 incurrere
805 3053 933 3134 oportet
955 3049 1107 3114 curruli¹²
1129 3054 1266 3135 strepitu
1281 3056 1314 3116 et
1333 3076 1404 3117 cum

347 3224 415 3274 ala
432 3224 556 3287 maraine:
579 3214 707 3288 Iuppiter
725 3234 821 3272 somno
840 3218 930 3272 claves
949 3218 1092 3273 oculorum
1108 3219 1233 3273 tradidit.

346 3305 364 3358 b
383 3309 417 3358 Ia
434 3310 558 3373 margine:
578 3304 665 3357 Gutta
682 3320 760 3357 una.
782 3346 788 3357 .
809 3346 814 3356 .
836 3344 841 3355 .
861 3320 970 3370 aspersa
988 3302 1186 3357 dissimulantis
1204 3306 1253 3357 est.

347 3406 362 3442 c
380 3393 413 3442 In
431 3395 555 3457 margine:
578 3388 703 3457 luppiter
721 3388 779 3441 alas
798 3402 894 3440 somno
912 3402 969 3439 non
980 3387 1012 3440 ut
1022 3387 1159 3443 Mercurio
1176 3388 1288 3455 talares,
1306 3389 1355 3443 sed
1373 3391 1404 3442 ut

262 3473 357 3528 Amori
375 3488 484 3527 umeros
503 3473 614 3527 exactos
632 3470 734 3526 Somno
753 3471 893 3526 adnexuit.

348 3633 361 3680 l
379 3626 481 3695 Incipit
498 3624 564 3679 (lod.
583 3644 610 3695 p.
631 3630 688 3679 214.

346 3709 552 3765 2Vooabulum
570 3710 738 3778 corruptum.
763 3710 806 3762 An
824 3715 903 3762 tutari
920 3719 945 3763 et
962 3714 1057 3763 dacore.
1086 3715 1260 3778 Heindorfiras.
1288 3710 1401 3765 Fuitne:
1450 3744 1452 3747 -

262 3802 369 3850 insidias
386 3801 507 3849 militares
525 3800 631 3848 iuvare?
667 3797 783 3849 Orellius.
818 3792 956 3862 Hauptius
975 3793 1050 3848 delet
1066 3806 1171 3849 mutare.

346 3879 441 3935 30m.
459 3877 556 3932 Maius.

345 3970 361 4017 4
380 3963 485 4018 Codex:
505 3967 642 4031 praefecit.

346 4054 361 4103 5
378 4046 480 4100 Maius:
502 4055 658 4115 temperavit.

346 4137 362 4184 6
379 4131 421 4185 De
439 4147 516 4184 more
534 4148 586 4185 sec.
605 4149 640 4185 m.
662 4149 744 4186 corr:
765 4139 910 4201 1116116.-
930 4138 1024 4204 Letum·
1035 4134 1149 4203 proprie
1167 4135 1210 4188 cst
1226 4140 1324 4193 oblivio.
1360 4136 1400 4190 Cf.

262 4215 352 4271 Varro
370 4216 400 4269 L.
419 4216 449 4269 L.
469 4214 529 4269 VII.
548 4222 580 4269 42
599 4217 628 4270 et
644 4216 764 4271 Festum.
801 4223 896 4271 Maius.

346 4307 360 4353 ἵ
380 4298 445 4353 cod.
465 4299 535 4354 PRO
556 4343 561 4354 .
582 4343 588 4354 .
608 4343 613 4355 .
633 4298 733 4364 01011.
752 4301 819 4356 UIS.
854 4302 944 4357 Maius
961 4302 1053 4356 locum
1070 4303 1143 4358 male
1162 4303 1303 4373 supplevit
1320 4312 1402 4373 proti-

262 4404 307 4437 nas
324 4389 419 4438 viribus
435 4390 496 4440 suis.

345 4473 361 4522 8
378 4467 428 4521 Ed.
447 4467 571 4521 Mediol:
590 4474 615 4523 oi
630 4476 713 4523 veniet
727 4476 814 4539 paulo.
850 4470 1040 4525 Emendarunt
1056 4470 1202 4526 triumviri.

346 4559 361 4606 9
378 4553 422 4605 An
439 4557 548 4606 umeris?
571 4552 608 4606 nt
624 4552 665 4607 ita
676 4553 851 4609 Niebuhrius.
886 4554 1059 4609 Ecksteinius
1078 4556 1185 4611 confert
1201 4554 1336 4610 Lucilium
1353 4575 1398 4629 ap.

260 4637 331 4692 Non.
350 4643 375 4691 4.
395 4644 410 4691 3
429 4637 457 4690 61
474 4638 580 4691 mavult
597 4658 682 4693 umero
701 4650 820 4707 exaplos.

330 4727 361 4776 10
378 4721 473 4775 Potius
491 4733 523 4775 et.
559 4726 735 4791 Heindorfiua.

330 4811 360 4858 11
380 4805 445 4859 Cod.
464 4823 506 4874 pr.
526 4823 563 4860 m.
582 4812 744 4874 palepebras.

330 4896 361 4943 12
378 4889 518 4960 Legcrim:
537 4893 586 4945 aut
602 4896 705 4948 corradi.
741 4896 914 4960 Heindorfius.
