3300 6050
285 875 348 939 222
529 874 565 928 Μ.
580 873 749 927 CORNELII
766 873 973 927 FRONTONIS
991 873 1190 928 EPISTULAE

285 1045 430 1108 oratione
452 1045 604 1109 laudatus
626 1048 689 1109 est:
712 1048 749 1108 ut
770 1044 851 1108 mihi
876 1044 931 1108 ille
954 1045 1100 1108 videatur
1127 1066 1193 1108 non
1215 1045 1262 1107 ita
1284 1045 1349 1108 suis
1371 1045 1434 1108 vir-

284 1147 424 1230 tutibus
448 1150 485 1210 ut
507 1145 668 1212 Ciceronis
690 1147 849 1230 laudibus,
873 1146 1013 1232 Magnus
1037 1147 1332 1230 cognominatus¹³.

373 1248 455 1312 Tum
475 1253 642 1332 praeterea
664 1250 766 1313 multa
788 1250 862 1313 istic
884 1251 1023 1333 reperies
1044 1249 1268 1333 praesentibus
1291 1248 1434 1313 consiliis

284 1351 349 1413 tuis
373 1352 479 1435 capita
496 1354 570 1436 apte
587 1351 798 1434 considerata,
824 1351 863 1415 de
878 1348 1011 1415 ducibus
1030 1352 1225 1416 exercituum
1249 1352 1299 1437 del
1310 1351 1431 1435 21181111-

285 1453 344 1535 dis,
368 1453 407 1516 de
425 1453 598 1516 commodis
614 1454 783 1536 sociorum,
807 1453 910 1518 tutela
927 1454 1175 1537 provinciarum,
1200 1453 1239 1516 de
1263 1503 1270 1516 .
1296 1453 1337 1535 .³,
1361 1456 1433 1516 tum

284 1554 399 1638 quibus
423 1554 546 1618 artibus
574 1554 735 1638 praeditos
766 1577 836 1629 esse
860 1558 1007 1638 oporteat
1028 1546 1242 1639 imperatores
1267 1552 1318 1640 [ob
1341 1576 1433 1618 suam

286 1658 319 1720 et
342 1655 531 1744 ceterorum]
562 1705 569 1720 .
596 1706 603 1721 .
627 1659 786 1721 tractatus
811 1707 818 1721 .
845 1707 852 1720 .
876 1679 955 1740 quas
983 1706 990 1721 .
1017 1707 1024 1720 .
1053 1656 1267 1720 intentionem
1292 1705 1299 1719 .
1325 1705 1332 1719 .
1357 1677 1432 1720 con-

285 1759 384 1822 suevi.
422 1757 472 1821 Ne
497 1807 503 1821 .
530 1809 537 1821 .
562 1759 621 1821 sim
646 1808 653 1822 .
681 1808 687 1822 .
712 1759 787 1842 quid
811 1780 871 1843 ego
893 1759 1021 1823 intento
1042 1759 1163 1823 maiore
1184 1758 1236 1822 vel
1259 1757 1433 1841 aliquando

285 1880 398 1942 reprae
431 1910 437 1923 .
464 1909 471 1923 .
497 1908 504 1923 .
535 1859 672 1923 arbitror
693 1861 893 1943 profuturas3
915 1861 993 1925 velis
1016 1861 1196 1939 dumtaxat.¹
1239 1859 1284 1922 Et
1305 1859 1333 1923 si
1359 1861 1432 1943 quis

287 2010 293 2024 .
320 2011 327 2024 .
351 1963 434 2045 quod
463 1963 556 2045 inper
580 2011 587 2025 .
614 1961 641 2025 ‚⁴
686 1961 798 2045 Neque
827 1962 907 2025 mihi
934 1983 1131 2044 suscenseas
1160 1961 1244 2045 quod
1270 1982 1336 2024 non
1357 1983 1432 2025 mea
1472 2032 1479 2039 ,

284 2085 382 2126 manu
404 2063 465 2127 tibi
487 2063 720 2146 rescribserim,
744 2063 933 2146 praesertim
957 2085 1029 2126 cum
1051 2086 1070 2126 a
1093 2065 1125 2126 te
1145 2065 1201 2126 tua
1216 2085 1314 2126 manu
1332 2063 1432 2126 scrib-

179 2176 182 2185 '
284 2167 334 2227 tas
356 2163 482 2228 litteras
505 2166 694 2249 acceperim.
739 2164 861 2248 Digitis
885 2165 1055 2228 admodum
1075 2164 1225 2228 invalidis
1248 2186 1335 2228 nunc
1357 2167 1432 2226 utor

284 2269 317 2328 et
349 2267 615 2331 detractantibus.
661 2267 743 2331 Tum
775 2265 856 2330 haec
889 2267 1027 2350 epistula
1058 2267 1232 2330 multorum
1259 2266 1432 2329 verborum

283 2367 452 2452 indigebat
460 2369 481 2451 ⁵,
505 2377 577 2432 mea
600 2371 707 2432 autem
729 2369 860 2434 dextera
883 2390 997 2432 manus
1020 2368 1081 2432 hae
1103 2370 1294 2452 tempestate
1311 2389 1431 2452 pauca-

283 2491 354 2532 rum
375 2469 568 2535 litterarum.

617 2595 691 2668 Lepi
717 2594 887 2655 Emendavi
907 2596 959 2669 qui
983 2610 1089 2670 supra.

699 2724 744 2788 M.
767 2724 1016 2790 FRONTONIS

650 2843 697 2896 DE
715 2842 848 2897 ΒΕΙ1Ι106
866 2842 1058 2897 PARTHICO.

369 3035 437 3084 alu
463 3038 588 3101 marpine:
624 3030 662 3083 Ut
690 3030 759 3083 mihi
783 3030 933 3101 Pompeius
957 3030 1085 3085 videatur
1114 3048 1170 3085 non
1197 3030 1239 3085 ita
1265 3060 1296 3067 -
1323 3046 1429 3099 cogno-

284 3115 413 3170 minatus.
1006 3119 1010 3128 “

286 3240 488 3247 -—„---.-—-—
516 3237 518 3242 ·

368 3310 381 3355 1
400 3304 478 3358 Hanc
494 3303 643 3375 lectionem
660 3302 750 3356 Maius
768 3319 783 3356 e
801 3303 928 3371 margine
946 3303 1045 3368 habet;
1064 3303 1093 3356 in
1110 3304 1192 3357 textu
1210 3302 1325 3371 legitur:
1353 3304 1400 3357 AC
1423 3348 1429 3358 .

281 3388 375 3443 NEN.
397 3386 550 3442 ‚PATU82
570 3388 596 3441 h.
617 3404 649 3453 e,
668 3388 699 3440 ut
716 3387 785 3440 mihi
801 3387 925 3453 videtur,
944 3408 1024 3457 (ecque
1042 3399 1208 3455 nunmrpatus.

366 3480 381 3527 2
400 3473 502 3542 Incipit
519 3471 585 3526 Cod.
604 3491 631 3541 p.
651 3478 709 3539 215,
728 3473 860 3537 obscum3
878 3472 924 3525 vix
941 3489 1032 3541 pauca
1050 3471 1169 3525 conferri
1186 3474 1311 3540 possunt.

366 3557 502 3627 SSupple
530 3575 614 3618 unum
640 3558 763 3612 verbum.
801 3562 896 3614 Maius.
936 3558 1122 3611 Buttmannus
1152 3556 1260 3609 scribit:
1290 3562 1430 3625 dtsciplr'na

281 3647 381 3696 militum
399 3641 457 3695 sine
477 3649 516 3700 de.

365 3732 382 3780 4
399 3728 431 3779 ln
447 3727 490 3780 his
508 3727 614 3781 lacunis
633 3728 736 3781 cubant
753 3744 850 3781 versus
867 3726 965 3781 XXVI.
1002 3725 1098 3781 Maius.

366 3818 382 3865 5
401 3812 506 3867 Codex:
528 3819 628 3866 multum
644 3817 776 3867 uerborum
792 3816 933 3881 inperetur.
970 3811 1096 3866 Correxit
1112 3812 1306 3865 Buttmannus

366 3898 444 3950 olea
462 3896 562 3950 Codex.
599 3896 643 3972 Pr.
663 3914 700 3949 m.
719 3900 794 3954 Belo.
895 3895 905 3912 ³
