<?xml version="1.0" encoding="UTF-8"?>
<!DOCTYPE html PUBLIC "-//W3C//DTD XHTML 1.0 Transitional//EN"
    "http://www.w3.org/TR/xhtml1/DTD/xhtml1-transitional.dtd">
<html xmlns="http://www.w3.org/1999/xhtml" xml:lang="en" lang="en">
 <head>
  <title>
</title>
<meta http-equiv="Content-Type" content="text/html;charset=utf-8" />
  <meta name='ocr-system' content='tesseract 3.04.00' />
  <meta name='ocr-capabilities' content='ocr_page ocr_carea ocr_par ocr_line ocrx_word'/>
</head>
<body>
  <div class='ocr_page' id='page_1' title='image "./mcorneliifronto00frongoog/mcorneliifronto00frongoog_0193.png"; bbox 0 0 3300 6050; ppageno 0'>
   <div class='ocr_carea' id='block_1_1' title="bbox 486 844 1390 914">
    <p class='ocr_par' dir='ltr' id='par_1_1' title="bbox 486 844 1390 914">
     <span class='ocr_line' id='line_1_1' title="bbox 486 844 1390 914; baseline -0.002 -8"><span class='ocrx_word' id='word_1_1' title='bbox 486 850 535 906; x_wconf 82' lang='lat' dir='ltr'><strong>AD</strong></span> <span class='ocrx_word' id='word_1_2' title='bbox 553 849 589 905; x_wconf 84' lang='lat' dir='ltr'><strong>M.</strong></span> <span class='ocrx_word' id='word_1_3' title='bbox 608 845 828 904; x_wconf 88' lang='lat' dir='ltr'><strong>ANTONINUM</strong></span> <span class='ocrx_word' id='word_1_4' title='bbox 845 847 893 902; x_wconf 85' lang='lat' dir='ltr'><strong>DE</strong></span> <span class='ocrx_word' id='word_1_5' title='bbox 911 844 1150 911; x_wconf 84' lang='lat' dir='ltr'><strong>ELOQUENTIA.</strong></span> <span class='ocrx_word' id='word_1_6' title='bbox 1330 849 1390 914; x_wconf 84' lang='grc'><strong>153</strong></span> 
     </span>
    </p>
   </div>
   <div class='ocr_carea' id='block_1_2' title="bbox 500 1050 1145 1136">
    <p class='ocr_par' dir='ltr' id='par_1_2' title="bbox 500 1050 1145 1136">
     <span class='ocr_line' id='line_1_2' title="bbox 500 1050 1145 1136; baseline -0.003 -17"><span class='ocrx_word' id='word_1_7' title='bbox 500 1053 561 1120; x_wconf 84' lang='lat' dir='ltr'><strong>IV.</strong></span> <span class='ocrx_word' id='word_1_8' title='bbox 607 1051 787 1119; x_wconf 75' lang='lat' dir='ltr'><strong>Antonino</strong></span> <span class='ocrx_word' id='word_1_9' title='bbox 809 1050 973 1136; x_wconf 81' lang='lat' dir='ltr'><strong>Augusto</strong></span> <span class='ocrx_word' id='word_1_10' title='bbox 998 1053 1145 1119; x_wconf 82' lang='lat' dir='ltr'><strong>Fronto.</strong></span> 
     </span>
    </p>
   </div>
   <div class='ocr_carea' id='block_1_3' title="bbox 251 1189 1428 3606">
    <p class='ocr_par' dir='ltr' id='par_1_3' title="bbox 251 1189 1391 1882">
     <span class='ocr_line' id='line_1_3' title="bbox 313 1189 1391 1273; baseline -0.001 -20"><span class='ocrx_word' id='word_1_11' title='bbox 313 1205 315 1209; x_wconf 79' lang='grc'>’</span> <span class='ocrx_word' id='word_1_12' title='bbox 336 1191 491 1273; x_wconf 84' lang='lat' dir='ltr'><strong>Pleraque</strong></span> <span class='ocrx_word' id='word_1_13' title='bbox 512 1191 547 1253; x_wconf 91' lang='lat' dir='ltr'><strong>in</strong></span> <span class='ocrx_word' id='word_1_14' title='bbox 570 1190 713 1254; x_wconf 85' lang='lat' dir='ltr'><strong>oratione</strong></span> <span class='ocrx_word' id='word_1_15' title='bbox 735 1190 857 1254; x_wconf 75' lang='lat' dir='ltr'><strong>recenti</strong></span> <span class='ocrx_word' id='word_1_16' title='bbox 878 1193 951 1271; x_wconf 85' lang='lat' dir='ltr'><strong>tua,</strong></span> <span class='ocrx_word' id='word_1_17' title='bbox 976 1191 1059 1273; x_wconf 92' lang='lat' dir='ltr'><strong>quod</strong></span> <span class='ocrx_word' id='word_1_18' title='bbox 1082 1189 1121 1252; x_wconf 91' lang='lat' dir='ltr'><strong>ad</strong></span> <span class='ocrx_word' id='word_1_19' title='bbox 1144 1190 1321 1252; x_wconf 89' lang='lat' dir='ltr'><strong>sententias</strong></span> <span class='ocrx_word' id='word_1_20' title='bbox 1345 1193 1391 1252; x_wconf 91' lang='lat' dir='ltr'><strong>at-</strong></span> 
     </span>
     <span class='ocr_line' id='line_1_4' title="bbox 252 1291 1390 1375; baseline -0.003 -19"><span class='ocrx_word' id='word_1_21' title='bbox 252 1293 351 1375; x_wconf 78' lang='lat' dir='ltr'><strong>tinet,</strong></span> <span class='ocrx_word' id='word_1_22' title='bbox 376 1292 594 1355; x_wconf 84' lang='lat' dir='ltr'><strong>animadverto</strong></span> <span class='ocrx_word' id='word_1_23' title='bbox 622 1292 753 1375; x_wconf 88' lang='lat' dir='ltr'><strong>egregia</strong></span> <span class='ocrx_word' id='word_1_24' title='bbox 781 1313 866 1373; x_wconf 87' lang='lat' dir='ltr'><strong>esse;</strong></span> <span class='ocrx_word' id='word_1_25' title='bbox 893 1313 996 1374; x_wconf 89' lang='lat' dir='ltr'><strong>pauca</strong></span> <span class='ocrx_word' id='word_1_26' title='bbox 1019 1291 1188 1353; x_wconf 85' lang='lat' dir='ltr'><strong>admodum</strong></span> <span class='ocrx_word' id='word_1_27' title='bbox 1210 1313 1274 1354; x_wconf 93' lang='lat' dir='ltr'><strong>uno</strong></span> <span class='ocrx_word' id='word_1_28' title='bbox 1295 1294 1390 1354; x_wconf 89' lang='lat' dir='ltr'><strong>tenus</strong></span> 
     </span>
     <span class='ocr_line' id='line_1_5' title="bbox 251 1378 1391 1477; baseline -0.002 -21"><span class='ocrx_word' id='word_1_29' title='bbox 251 1394 347 1457; x_wconf 89' lang='lat' dir='ltr'><strong>verbo</strong></span> <span class='ocrx_word' id='word_1_30' title='bbox 371 1393 572 1477; x_wconf 80' lang='lat' dir='ltr'><strong>corrigenda3</strong></span> <span class='ocrx_word' id='word_1_31' title='bbox 595 1392 743 1456; x_wconf 91' lang='lat' dir='ltr'><strong>nonnihil</strong></span> <span class='ocrx_word' id='word_1_32' title='bbox 765 1392 927 1455; x_wconf 85' lang='lat' dir='ltr'><strong>interdum</strong></span> <span class='ocrx_word' id='word_1_33' title='bbox 943 1391 1121 1454; x_wconf 80' lang='lat' dir='ltr'><strong>elocutione</strong></span> <span class='ocrx_word' id='word_1_34' title='bbox 1136 1392 1262 1454; x_wconf 84' lang='lat' dir='ltr'><strong>novella</strong></span> <span class='ocrx_word' id='word_1_35' title='bbox 1277 1378 1391 1475; x_wconf 68' lang='lat' dir='ltr'><strong>partim</strong></span> 
     </span>
     <span class='ocr_line' id='line_1_6' title="bbox 253 1492 1391 1579; baseline -0.003 -21"><span class='ocrx_word' id='word_1_36' title='bbox 253 1497 426 1579; x_wconf 88' lang='lat' dir='ltr'><strong>signatum.</strong></span> <span class='ocrx_word' id='word_1_37' title='bbox 471 1493 559 1569; x_wconf 75' lang='lat' dir='ltr'><strong>Quae</strong></span> <span class='ocrx_word' id='word_1_38' title='bbox 582 1495 696 1558; x_wconf 89' lang='lat' dir='ltr'><strong>melius</strong></span> <span class='ocrx_word' id='word_1_39' title='bbox 718 1494 822 1557; x_wconf 88' lang='lat' dir='ltr'><strong>visum</strong></span> <span class='ocrx_word' id='word_1_40' title='bbox 845 1497 893 1557; x_wconf 89' lang='lat' dir='ltr'><strong>cst</strong></span> <span class='ocrx_word' id='word_1_41' title='bbox 915 1492 1134 1576; x_wconf 77' lang='lat' dir='ltr'><strong>particulatim</strong></span> <span class='ocrx_word' id='word_1_42' title='bbox 1157 1493 1311 1556; x_wconf 90' lang='lat' dir='ltr'><strong>scribere:</strong></span> <span class='ocrx_word' id='word_1_43' title='bbox 1344 1493 1391 1556; x_wconf 90' lang='lat' dir='ltr'><strong>ita</strong></span> 
     </span>
     <span class='ocr_line' id='line_1_7' title="bbox 253 1593 1391 1680; baseline -0.003 -21"><span class='ocrx_word' id='word_1_44' title='bbox 253 1596 339 1659; x_wconf 90' lang='lat' dir='ltr'><strong>enirn</strong></span> <span class='ocrx_word' id='word_1_45' title='bbox 360 1596 486 1659; x_wconf 82' lang='lat' dir='ltr'><strong>facilius</strong></span> <span class='ocrx_word' id='word_1_46' title='bbox 508 1596 686 1680; x_wconf 89' lang='lat' dir='ltr'><strong>perpendes</strong></span> <span class='ocrx_word' id='word_1_47' title='bbox 709 1595 853 1678; x_wconf 77' lang='lat' dir='ltr'><strong>singula,</strong></span> <span class='ocrx_word' id='word_1_48' title='bbox 883 1597 915 1657; x_wconf 89' lang='lat' dir='ltr'><strong>et</strong></span> <span class='ocrx_word' id='word_1_49' title='bbox 942 1594 1020 1657; x_wconf 87' lang='lat' dir='ltr'><strong>satis</strong></span> <span class='ocrx_word' id='word_1_50' title='bbox 1049 1593 1200 1677; x_wconf 83' lang='lat' dir='ltr'><strong>temporis</strong></span> <span class='ocrx_word' id='word_1_51' title='bbox 1230 1594 1270 1656; x_wconf 91' lang='lat' dir='ltr'><strong>ad</strong></span> <span class='ocrx_word' id='word_1_52' title='bbox 1291 1594 1391 1676; x_wconf 90' lang='lat' dir='ltr'><strong>inspi-</strong></span> 
     </span>
     <span class='ocr_line' id='line_1_8' title="bbox 253 1695 1391 1780; baseline -0.004 -19"><span class='ocrx_word' id='word_1_53' title='bbox 253 1698 400 1761; x_wconf 90' lang='lat' dir='ltr'><strong>ciendum</strong></span> <span class='ocrx_word' id='word_1_54' title='bbox 421 1697 572 1780; x_wconf 77' lang='lat' dir='ltr'><strong>habebis,</strong></span> <span class='ocrx_word' id='word_1_55' title='bbox 595 1700 632 1761; x_wconf 93' lang='lat' dir='ltr'><strong>ut</strong></span> <span class='ocrx_word' id='word_1_56' title='bbox 654 1697 707 1780; x_wconf 92' lang='lat' dir='ltr'><strong>qui</strong></span> <span class='ocrx_word' id='word_1_57' title='bbox 729 1697 875 1779; x_wconf 84' lang='lat' dir='ltr'><strong>plurimis</strong></span> <span class='ocrx_word' id='word_1_58' title='bbox 897 1695 1037 1779; x_wconf 88' lang='lat' dir='ltr'><strong>negotiis</strong></span> <span class='ocrx_word' id='word_1_59' title='bbox 1067 1698 1123 1758; x_wconf 88' lang='lat' dir='ltr'><strong>aut</strong></span> <span class='ocrx_word' id='word_1_60' title='bbox 1145 1695 1278 1778; x_wconf 84' lang='lat' dir='ltr'><strong>agendis</strong></span> <span class='ocrx_word' id='word_1_61' title='bbox 1300 1717 1391 1758; x_wconf 86' lang='lat' dir='ltr'><strong>occu-</strong></span> 
     </span>
     <span class='ocr_line' id='line_1_9' title="bbox 252 1799 769 1882; baseline -0.002 -21"><span class='ocrx_word' id='word_1_62' title='bbox 252 1802 346 1882; x_wconf 87' lang='lat' dir='ltr'><strong>patus</strong></span> <span class='ocrx_word' id='word_1_63' title='bbox 370 1799 413 1861; x_wconf 88' lang='lat' dir='ltr'><strong>sis</strong></span> <span class='ocrx_word' id='word_1_64' title='bbox 436 1802 492 1862; x_wconf 87' lang='lat' dir='ltr'><strong>aut</strong></span> <span class='ocrx_word' id='word_1_65' title='bbox 514 1799 594 1862; x_wconf 88' lang='lat' dir='ltr'><strong>actis</strong></span> <span class='ocrx_word' id='word_1_66' title='bbox 617 1799 769 1861; x_wconf 87' lang='lat' dir='ltr'><strong>defessus.</strong></span> 
     </span>
    </p>

    <p class='ocr_par' dir='ltr' id='par_1_4' title="bbox 252 1899 1428 3398">
     <span class='ocr_line' id='line_1_10' title="bbox 313 1899 1392 1984; baseline 0 -22"><span class='ocrx_word' id='word_1_67' title='bbox 313 1963 317 1970; x_wconf 73' lang='grc'><strong>,</strong></span> <span class='ocrx_word' id='word_1_68' title='bbox 335 1900 441 1984; x_wconf 86' lang='lat' dir='ltr'><strong>Igitur</strong></span> <span class='ocrx_word' id='word_1_69' title='bbox 462 1900 497 1962; x_wconf 91' lang='lat' dir='ltr'><strong>in</strong></span> <span class='ocrx_word' id='word_1_70' title='bbox 518 1899 702 1983; x_wconf 87' lang='lat' dir='ltr'><strong>prohoemio</strong></span> <span class='ocrx_word' id='word_1_71' title='bbox 725 1922 805 1980; x_wconf 87' lang='lat' dir='ltr'><strong>quae</strong></span> <span class='ocrx_word' id='word_1_72' title='bbox 828 1900 957 1983; x_wconf 83' lang='lat' dir='ltr'><strong>egregie</strong></span> <span class='ocrx_word' id='word_1_73' title='bbox 973 1903 1038 1963; x_wconf 87' lang='lat' dir='ltr'><strong>ate</strong></span> <span class='ocrx_word' id='word_1_74' title='bbox 1053 1899 1139 1963; x_wconf 91' lang='lat' dir='ltr'><strong>dicta</strong></span> <span class='ocrx_word' id='word_1_75' title='bbox 1153 1903 1274 1983; x_wconf 82' lang='lat' dir='ltr'><strong>putem,</strong></span> <span class='ocrx_word' id='word_1_76' title='bbox 1298 1922 1392 1984; x_wconf 88' lang='lat' dir='ltr'><strong>quae-</strong></span> 
     </span>
     <span class='ocr_line' id='line_1_11' title="bbox 252 2000 1393 2086; baseline 0 -22"><span class='ocrx_word' id='word_1_77' title='bbox 252 2024 313 2086; x_wconf 87' lang='lat' dir='ltr'><strong>que</strong></span> <span class='ocrx_word' id='word_1_78' title='bbox 340 2001 476 2064; x_wconf 89' lang='lat' dir='ltr'><strong>arbitrer</strong></span> <span class='ocrx_word' id='word_1_79' title='bbox 505 2001 712 2085; x_wconf 85' lang='lat' dir='ltr'><strong>corrigenda,</strong></span> <span class='ocrx_word' id='word_1_80' title='bbox 747 2001 860 2065; x_wconf 87' lang='lat' dir='ltr'><strong>scribsi</strong></span> <span class='ocrx_word' id='word_1_81' title='bbox 893 2000 963 2064; x_wconf 87' lang='lat' dir='ltr'><strong>tibi.</strong></span> <span class='ocrx_word' id='word_1_82' title='bbox 1014 2000 1214 2083; x_wconf 81' lang='lat' dir='ltr'><strong>Scripturum</strong></span> <span class='ocrx_word' id='word_1_83' title='bbox 1242 2001 1393 2084; x_wconf 84' lang='lat' dir='ltr'><strong>deinceps</strong></span> 
     </span>
     <span class='ocr_line' id='line_1_12' title="bbox 252 2101 1393 2188; baseline -0.001 -22"><span class='ocrx_word' id='word_1_84' title='bbox 252 2125 310 2188; x_wconf 91' lang='lat' dir='ltr'><strong>pro</strong></span> <span class='ocrx_word' id='word_1_85' title='bbox 333 2124 439 2166; x_wconf 90' lang='lat' dir='ltr'><strong>amore</strong></span> <span class='ocrx_word' id='word_1_86' title='bbox 461 2103 496 2165; x_wconf 95' lang='lat' dir='ltr'><strong>in</strong></span> <span class='ocrx_word' id='word_1_87' title='bbox 520 2102 584 2188; x_wconf 77' lang='lat' dir='ltr'><strong>l¹te</strong></span> <span class='ocrx_word' id='word_1_88' title='bbox 607 2124 676 2165; x_wconf 92' lang='lat' dir='ltr'><strong>meo</strong></span> <span class='ocrx_word' id='word_1_89' title='bbox 700 2102 963 2166; x_wconf 88' lang='lat' dir='ltr'><strong>confide-cetera.</strong></span> <span class='ocrx_word' id='word_1_90' title='bbox 997 2101 1105 2167; x_wconf 88' lang='lat' dir='ltr'><strong>Prima</strong></span> <span class='ocrx_word' id='word_1_91' title='bbox 1128 2123 1204 2186; x_wconf 87' lang='lat' dir='ltr'><strong>ergo</strong></span> <span class='ocrx_word' id='word_1_92' title='bbox 1226 2125 1301 2185; x_wconf 89' lang='lat' dir='ltr'><strong>pars</strong></span> <span class='ocrx_word' id='word_1_93' title='bbox 1324 2105 1393 2166; x_wconf 89' lang='lat' dir='ltr'><strong>tota</strong></span> 
     </span>
     <span class='ocr_line' id='line_1_13' title="bbox 252 2203 1392 2288; baseline -0.002 -20"><span class='ocrx_word' id='word_1_94' title='bbox 252 2204 387 2268; x_wconf 89' lang='lat' dir='ltr'><strong>mirifica</strong></span> <span class='ocrx_word' id='word_1_95' title='bbox 410 2206 473 2286; x_wconf 86' lang='lat' dir='ltr'><strong>est,</strong></span> <span class='ocrx_word' id='word_1_96' title='bbox 502 2204 611 2267; x_wconf 87' lang='lat' dir='ltr'><strong>multis</strong></span> <span class='ocrx_word' id='word_1_97' title='bbox 635 2207 667 2267; x_wconf 89' lang='lat' dir='ltr'><strong>et</strong></span> <span class='ocrx_word' id='word_1_98' title='bbox 689 2203 841 2288; x_wconf 87' lang='lat' dir='ltr'><strong>gravibus</strong></span> <span class='ocrx_word' id='word_1_99' title='bbox 864 2204 1035 2266; x_wconf 87' lang='lat' dir='ltr'><strong>sententiis</strong></span> <span class='ocrx_word' id='word_1_100' title='bbox 1057 2204 1190 2283; x_wconf 83' lang='lat' dir='ltr'><strong>referta,</strong></span> <span class='ocrx_word' id='word_1_101' title='bbox 1219 2203 1253 2266; x_wconf 94' lang='lat' dir='ltr'><strong>in</strong></span> <span class='ocrx_word' id='word_1_102' title='bbox 1276 2204 1392 2286; x_wconf 91' lang='lat' dir='ltr'><strong>quibus</strong></span> 
     </span>
     <span class='ocr_line' id='line_1_14' title="bbox 253 2303 1392 2389; baseline -0.004 -19"><span class='ocrx_word' id='word_1_103' title='bbox 253 2306 387 2370; x_wconf 85' lang='lat' dir='ltr'><strong>eximiae</strong></span> <span class='ocrx_word' id='word_1_104' title='bbox 410 2308 486 2368; x_wconf 89' lang='lat' dir='ltr'><strong>sunt</strong></span> <span class='ocrx_word' id='word_1_105' title='bbox 510 2355 516 2368; x_wconf 92' lang='lat'><strong>.</strong></span> <span class='ocrx_word' id='word_1_106' title='bbox 543 2355 549 2368; x_wconf 95' lang='lat'><strong>.</strong></span> <span class='ocrx_word' id='word_1_107' title='bbox 576 2354 583 2369; x_wconf 88' lang='lat'><strong>.</strong></span> <span class='ocrx_word' id='word_1_108' title='bbox 609 2355 616 2368; x_wconf 87' lang='lat'><strong>.</strong></span> <span class='ocrx_word' id='word_1_109' title='bbox 669 2304 703 2369; x_wconf 79' lang='lat' dir='ltr'><strong>Si</strong></span> <span class='ocrx_word' id='word_1_110' title='bbox 725 2308 811 2368; x_wconf 89' lang='lat' dir='ltr'><strong>recte</strong></span> <span class='ocrx_word' id='word_1_111' title='bbox 836 2353 844 2368; x_wconf 97' lang='lat'><strong>.</strong></span> <span class='ocrx_word' id='word_1_112' title='bbox 870 2354 877 2367; x_wconf 91' lang='lat'><strong>.</strong></span> <span class='ocrx_word' id='word_1_113' title='bbox 904 2353 911 2368; x_wconf 91' lang='lat'><strong>.</strong></span> <span class='ocrx_word' id='word_1_114' title='bbox 935 2326 997 2388; x_wconf 88' lang='lat' dir='ltr'><strong>quo</strong></span> <span class='ocrx_word' id='word_1_115' title='bbox 1019 2326 1137 2389; x_wconf 87' lang='lat' dir='ltr'><strong>genere</strong></span> <span class='ocrx_word' id='word_1_116' title='bbox 1160 2303 1239 2368; x_wconf 79' lang='lat' dir='ltr'><strong>Cato</strong></span> <span class='ocrx_word' id='word_1_117' title='bbox 1264 2355 1271 2368; x_wconf 99' lang='lat'><strong>.</strong></span> <span class='ocrx_word' id='word_1_118' title='bbox 1297 2355 1304 2368; x_wconf 99' lang='lat'><strong>.</strong></span> <span class='ocrx_word' id='word_1_119' title='bbox 1329 2328 1392 2368; x_wconf 88' lang='lat' dir='ltr'><strong>ser-</strong></span> 
     </span>
     <span class='ocr_line' id='line_1_15' title="bbox 252 2406 1391 2493; baseline 0 -23"><span class='ocrx_word' id='word_1_120' title='bbox 252 2410 301 2471; x_wconf 89' lang='lat' dir='ltr'><strong>tes</strong></span> <span class='ocrx_word' id='word_1_121' title='bbox 326 2457 332 2470; x_wconf 94' lang='lat'><strong>.</strong></span> <span class='ocrx_word' id='word_1_122' title='bbox 358 2457 366 2470; x_wconf 94' lang='lat'><strong>.</strong></span> <span class='ocrx_word' id='word_1_123' title='bbox 395 2407 537 2490; x_wconf 90' lang='lat' dir='ltr'><strong>primis.</strong></span> <span class='ocrx_word' id='word_1_124' title='bbox 564 2457 570 2470; x_wconf 93' lang='lat'><strong>.</strong></span> <span class='ocrx_word' id='word_1_125' title='bbox 596 2457 603 2470; x_wconf 92' lang='lat'><strong>.</strong></span> <span class='ocrx_word' id='word_1_126' title='bbox 632 2409 664 2469; x_wconf 89' lang='lat' dir='ltr'><strong>et</strong></span> <span class='ocrx_word' id='word_1_127' title='bbox 686 2406 747 2470; x_wconf 89' lang='lat' dir='ltr'><strong>hoc</strong></span> <span class='ocrx_word' id='word_1_128' title='bbox 775 2428 893 2490; x_wconf 92' lang='lat' dir='ltr'><strong>genere</strong></span> <span class='ocrx_word' id='word_1_129' title='bbox 918 2456 925 2469; x_wconf 96' lang='lat'><strong>.</strong></span> <span class='ocrx_word' id='word_1_130' title='bbox 951 2457 958 2470; x_wconf 99' lang='lat'><strong>.</strong></span> <span class='ocrx_word' id='word_1_131' title='bbox 987 2406 1169 2469; x_wconf 86' lang='lat' dir='ltr'><strong>moderatae</strong></span> <span class='ocrx_word' id='word_1_132' title='bbox 1192 2411 1255 2493; x_wconf 79' lang='lat' dir='ltr'><strong>et.</strong></span> <span class='ocrx_word' id='word_1_133' title='bbox 1282 2457 1289 2470; x_wconf 91' lang='lat'><strong>.</strong></span> <span class='ocrx_word' id='word_1_134' title='bbox 1312 2429 1391 2470; x_wconf 93' lang='lat' dir='ltr'><strong>non-</strong></span> 
     </span>
     <span class='ocr_line' id='line_1_16' title="bbox 253 2507 1392 2592; baseline 0 -21"><span class='ocrx_word' id='word_1_135' title='bbox 253 2508 341 2572; x_wconf 89' lang='lat' dir='ltr'><strong>nullo</strong></span> <span class='ocrx_word' id='word_1_136' title='bbox 365 2559 373 2572; x_wconf 92' lang='lat'><strong>.</strong></span> <span class='ocrx_word' id='word_1_137' title='bbox 399 2558 406 2570; x_wconf 93' lang='lat'><strong>.</strong></span> <span class='ocrx_word' id='word_1_138' title='bbox 431 2531 509 2572; x_wconf 88' lang='lat' dir='ltr'><strong>esse.</strong></span> <span class='ocrx_word' id='word_1_139' title='bbox 541 2507 574 2572; x_wconf 74' lang='lat' dir='ltr'><strong>si</strong></span> <span class='ocrx_word' id='word_1_140' title='bbox 597 2530 693 2592; x_wconf 88' lang='lat' dir='ltr'><strong>parce</strong></span> <span class='ocrx_word' id='word_1_141' title='bbox 714 2511 746 2571; x_wconf 88' lang='lat' dir='ltr'><strong>et</strong></span> <span class='ocrx_word' id='word_1_142' title='bbox 770 2531 842 2571; x_wconf 85' lang='lat' dir='ltr'><strong>cunr</strong></span> <span class='ocrx_word' id='word_1_143' title='bbox 865 2507 1023 2591; x_wconf 83' lang='lat' dir='ltr'><strong>dignitate</strong></span> <span class='ocrx_word' id='word_1_144' title='bbox 1048 2557 1055 2570; x_wconf 99' lang='lat'><strong>.</strong></span> <span class='ocrx_word' id='word_1_145' title='bbox 1082 2558 1088 2570; x_wconf 94' lang='lat'><strong>.</strong></span> <span class='ocrx_word' id='word_1_146' title='bbox 1115 2558 1122 2571; x_wconf 87' lang='lat'><strong>.</strong></span> <span class='ocrx_word' id='word_1_147' title='bbox 1153 2507 1256 2571; x_wconf 84' lang='lat' dir='ltr'><strong>Multo</strong></span> <span class='ocrx_word' id='word_1_148' title='bbox 1279 2508 1392 2571; x_wconf 86' lang='lat' dir='ltr'><strong>deinde</strong></span> 
     </span>
     <span class='ocr_line' id='line_1_17' title="bbox 253 2603 1392 2693; baseline -0.001 -20"><span class='ocrx_word' id='word_1_149' title='bbox 253 2603 381 2693; x_wconf 73' lang='lat' dir='ltr'><strong>gravior</strong></span> <span class='ocrx_word' id='word_1_150' title='bbox 403 2613 436 2672; x_wconf 90' lang='lat' dir='ltr'><strong>et</strong></span> <span class='ocrx_word' id='word_1_151' title='bbox 458 2610 596 2673; x_wconf 88' lang='lat' dir='ltr'><strong>severior</strong></span> <span class='ocrx_word' id='word_1_152' title='bbox 618 2609 788 2673; x_wconf 88' lang='lat' dir='ltr'><strong>subiuncta</strong></span> <span class='ocrx_word' id='word_1_153' title='bbox 812 2660 819 2673; x_wconf 87' lang='lat'><strong>.</strong></span> <span class='ocrx_word' id='word_1_154' title='bbox 846 2660 853 2673; x_wconf 87' lang='lat'><strong>.</strong></span> <span class='ocrx_word' id='word_1_155' title='bbox 879 2660 885 2672; x_wconf 89' lang='lat'><strong>.</strong></span> <span class='ocrx_word' id='word_1_156' title='bbox 912 2659 918 2672; x_wconf 94' lang='lat'><strong>.</strong></span> <span class='ocrx_word' id='word_1_157' title='bbox 964 2608 998 2673; x_wconf 83' lang='lat' dir='ltr'><strong>Si</strong></span> <span class='ocrx_word' id='word_1_158' title='bbox 1019 2608 1101 2688; x_wconf 88' lang='lat' dir='ltr'><strong>nihil</strong></span> <span class='ocrx_word' id='word_1_159' title='bbox 1127 2659 1133 2672; x_wconf 94' lang='lat'><strong>.</strong></span> <span class='ocrx_word' id='word_1_160' title='bbox 1155 2659 1162 2672; x_wconf 99' lang='lat'><strong>.</strong></span> <span class='ocrx_word' id='word_1_161' title='bbox 1182 2659 1188 2672; x_wconf 94' lang='lat'><strong>.</strong></span> <span class='ocrx_word' id='word_1_162' title='bbox 1212 2609 1305 2672; x_wconf 88' lang='lat' dir='ltr'><strong>nobis</strong></span> <span class='ocrx_word' id='word_1_163' title='bbox 1327 2609 1392 2692; x_wconf 92' lang='lat' dir='ltr'><strong>opi-</strong></span> 
     </span>
     <span class='ocr_line' id='line_1_18' title="bbox 253 2710 1393 2794; baseline 0 -21"><span class='ocrx_word' id='word_1_164' title='bbox 253 2711 359 2775; x_wconf 89' lang='lat' dir='ltr'><strong>nionis</strong></span> <span class='ocrx_word' id='word_1_165' title='bbox 384 2760 788 2776; x_wconf 86' lang='grc'><strong>.............</strong></span> <span class='ocrx_word' id='word_1_166' title='bbox 815 2711 856 2794; x_wconf 74' lang='lat' dir='ltr'><strong>l2.</strong></span> <span class='ocrx_word' id='word_1_167' title='bbox 885 2761 892 2774; x_wconf 92' lang='lat'><strong>.</strong></span> <span class='ocrx_word' id='word_1_168' title='bbox 937 2710 1119 2793; x_wconf 80' lang='lat' dir='ltr'><strong>Tralatum‚</strong></span> <span class='ocrx_word' id='word_1_169' title='bbox 1148 2714 1217 2774; x_wconf 88' lang='lat' dir='ltr'><strong>turn</strong></span> <span class='ocrx_word' id='word_1_170' title='bbox 1245 2763 1252 2774; x_wconf 95' lang='lat'><strong>.</strong></span> <span class='ocrx_word' id='word_1_171' title='bbox 1278 2761 1285 2774; x_wconf 85' lang='lat'><strong>.</strong></span> <span class='ocrx_word' id='word_1_172' title='bbox 1312 2761 1318 2774; x_wconf 95' lang='lat'><strong>.</strong></span> <span class='ocrx_word' id='word_1_173' title='bbox 1343 2733 1393 2774; x_wconf 92' lang='lat' dir='ltr'><strong>res</strong></span> 
     </span>
     <span class='ocr_line' id='line_1_19' title="bbox 253 2811 1393 2899; baseline 0.001 -25"><span class='ocrx_word' id='word_1_174' title='bbox 253 2813 300 2875; x_wconf 90' lang='lat' dir='ltr'><strong>ita</strong></span> <span class='ocrx_word' id='word_1_175' title='bbox 321 2811 532 2899; x_wconf 76' lang='lat' dir='ltr'><strong>impule[rint]</strong></span> <span class='ocrx_word' id='word_1_176' title='bbox 625 2863 632 2876; x_wconf 95' lang='lat'><strong>.</strong></span> <span class='ocrx_word' id='word_1_177' title='bbox 656 2814 776 2876; x_wconf 87' lang='lat' dir='ltr'><strong>vincas.</strong></span> <span class='ocrx_word' id='word_1_178' title='bbox 821 2813 931 2876; x_wconf 86' lang='lat' dir='ltr'><strong>lnessc</strong></span> <span class='ocrx_word' id='word_1_179' title='bbox 955 2863 962 2874; x_wconf 94' lang='lat'><strong>.</strong></span> <span class='ocrx_word' id='word_1_180' title='bbox 988 2862 995 2874; x_wconf 92' lang='lat'><strong>.</strong></span> <span class='ocrx_word' id='word_1_181' title='bbox 1019 2813 1109 2876; x_wconf 92' lang='lat' dir='ltr'><strong>muni</strong></span> <span class='ocrx_word' id='word_1_182' title='bbox 1137 2862 1144 2875; x_wconf 91' lang='lat'><strong>.</strong></span> <span class='ocrx_word' id='word_1_183' title='bbox 1174 2862 1181 2875; x_wconf 95' lang='lat'><strong>.</strong></span> <span class='ocrx_word' id='word_1_184' title='bbox 1205 2815 1237 2875; x_wconf 86' lang='lat' dir='ltr'><strong>te</strong></span> <span class='ocrx_word' id='word_1_185' title='bbox 1262 2862 1268 2874; x_wconf 95' lang='lat'><strong>.</strong></span> <span class='ocrx_word' id='word_1_186' title='bbox 1295 2862 1302 2875; x_wconf 92' lang='lat'><strong>.</strong></span> <span class='ocrx_word' id='word_1_187' title='bbox 1326 2835 1393 2876; x_wconf 94' lang='lat' dir='ltr'><strong>ver-</strong></span> 
     </span>
     <span class='ocr_line' id='line_1_20' title="bbox 254 2898 1393 2997; baseline 0.001 -21"><span class='ocrx_word' id='word_1_188' title='bbox 254 2936 324 2977; x_wconf 86' lang='lat' dir='ltr'><strong>sum</strong></span> <span class='ocrx_word' id='word_1_189' title='bbox 346 2898 363 2976; x_wconf 82' lang='lat' dir='ltr'><strong>e</strong></span> <span class='ocrx_word' id='word_1_190' title='bbox 387 2963 394 2975; x_wconf 94' lang='lat'><strong>.</strong></span> <span class='ocrx_word' id='word_1_191' title='bbox 420 2964 426 2976; x_wconf 88' lang='lat'><strong>.</strong></span> <span class='ocrx_word' id='word_1_192' title='bbox 451 2916 515 2976; x_wconf 93' lang='lat' dir='ltr'><strong>ent.</strong></span> <span class='ocrx_word' id='word_1_193' title='bbox 560 2914 708 2978; x_wconf 87' lang='lat' dir='ltr'><strong>Alterum</strong></span> <span class='ocrx_word' id='word_1_194' title='bbox 730 2915 910 2997; x_wconf 85' lang='lat' dir='ltr'><strong>proprium,</strong></span> <span class='ocrx_word' id='word_1_195' title='bbox 946 2935 1065 2996; x_wconf 79' lang='lat' dir='ltr'><strong>comes3</strong></span> <span class='ocrx_word' id='word_1_196' title='bbox 1100 2914 1236 2978; x_wconf 86' lang='lat' dir='ltr'><strong>alterum</strong></span> <span class='ocrx_word' id='word_1_197' title='bbox 1257 2914 1393 2977; x_wconf 87' lang='lat' dir='ltr'><strong>transla-</strong></span> 
     </span>
     <span class='ocr_line' id='line_1_21' title="bbox 253 3013 1428 3099; baseline 0.001 -21"><span class='ocrx_word' id='word_1_198' title='bbox 253 3018 333 3096; x_wconf 80' lang='lat' dir='ltr'><strong>tum,</strong></span> <span class='ocrx_word' id='word_1_199' title='bbox 357 3015 472 3098; x_wconf 91' lang='lat' dir='ltr'><strong>opifex.</strong></span> <span class='ocrx_word' id='word_1_200' title='bbox 502 3013 613 3099; x_wconf 87' lang='lat' dir='ltr'><strong>Neque</strong></span> <span class='ocrx_word' id='word_1_201' title='bbox 635 3015 701 3079; x_wconf 89' lang='lat' dir='ltr'><strong>ulla</strong></span> <span class='ocrx_word' id='word_1_202' title='bbox 723 3015 828 3079; x_wconf 86' lang='lat' dir='ltr'><strong>verbis</strong></span> <span class='ocrx_word' id='word_1_203' title='bbox 850 3015 920 3079; x_wconf 86' lang='lat' dir='ltr'><strong>istis</strong></span> <span class='ocrx_word' id='word_1_204' title='bbox 943 3015 1028 3079; x_wconf 88' lang='lat' dir='ltr'><strong>in&#39;ter</strong></span> <span class='ocrx_word' id='word_1_205' title='bbox 1050 3038 1084 3079; x_wconf 88' lang='lat' dir='ltr'><strong>se</strong></span> <span class='ocrx_word' id='word_1_206' title='bbox 1107 3015 1286 3079; x_wconf 88' lang='lat' dir='ltr'><strong>communio</strong></span> <span class='ocrx_word' id='word_1_207' title='bbox 1309 3016 1394 3079; x_wconf 87' lang='lat' dir='ltr'><strong>inest</strong></span> <span class='ocrx_word' id='word_1_208' title='bbox 1426 3042 1428 3046; x_wconf 94' lang='lat'>·</span> 
     </span>
     <span class='ocr_line' id='line_1_22' title="bbox 254 3116 1393 3201; baseline 0.001 -23"><span class='ocrx_word' id='word_1_209' title='bbox 254 3138 356 3199; x_wconf 86' lang='lat' dir='ltr'><strong>neque</strong></span> <span class='ocrx_word' id='word_1_210' title='bbox 383 3116 617 3200; x_wconf 82' lang='lat' dir='ltr'><strong>propinquitas</strong></span> <span class='ocrx_word' id='word_1_211' title='bbox 663 3117 806 3181; x_wconf 86' lang='lat' dir='ltr'><strong>Offendit</strong></span> <span class='ocrx_word' id='word_1_212' title='bbox 832 3117 933 3199; x_wconf 87' lang='lat' dir='ltr'><strong>igitur</strong></span> <span class='ocrx_word' id='word_1_213' title='bbox 961 3138 1053 3179; x_wconf 88' lang='lat' dir='ltr'><strong>aures</strong></span> <span class='ocrx_word' id='word_1_214' title='bbox 1080 3118 1236 3201; x_wconf 82' lang='lat' dir='ltr'><strong>ingruens</strong></span> <span class='ocrx_word' id='word_1_215' title='bbox 1265 3117 1393 3180; x_wconf 87' lang='lat' dir='ltr'><strong>diversi-</strong></span> 
     </span>
     <span class='ocr_line' id='line_1_23' title="bbox 254 3214 1394 3301; baseline 0.001 -22"><span class='ocrx_word' id='word_1_216' title='bbox 254 3217 325 3280; x_wconf 80' lang='lat' dir='ltr'><strong>tas3</strong></span> <span class='ocrx_word' id='word_1_217' title='bbox 363 3220 421 3280; x_wconf 89' lang='lat' dir='ltr'><strong>nat</strong></span> <span class='ocrx_word' id='word_1_218' title='bbox 449 3266 456 3279; x_wconf 92' lang='lat'><strong>.</strong></span> <span class='ocrx_word' id='word_1_219' title='bbox 483 3267 489 3280; x_wconf 95' lang='lat'><strong>.</strong></span> <span class='ocrx_word' id='word_1_220' title='bbox 516 3267 537 3291; x_wconf 77' lang='lat'><strong>.,</strong></span> <span class='ocrx_word' id='word_1_221' title='bbox 553 3214 664 3301; x_wconf 85' lang='lat' dir='ltr'><strong>sapere</strong></span> <span class='ocrx_word' id='word_1_222' title='bbox 694 3269 700 3281; x_wconf 93' lang='lat'><strong>.</strong></span> <span class='ocrx_word' id='word_1_223' title='bbox 726 3268 733 3280; x_wconf 94' lang='lat'><strong>.</strong></span> <span class='ocrx_word' id='word_1_224' title='bbox 764 3218 868 3281; x_wconf 85' lang='lat' dir='ltr'><strong>tissim</strong></span> <span class='ocrx_word' id='word_1_225' title='bbox 897 3267 904 3280; x_wconf 99' lang='lat'><strong>.</strong></span> <span class='ocrx_word' id='word_1_226' title='bbox 936 3266 943 3279; x_wconf 99' lang='lat'><strong>.</strong></span> <span class='ocrx_word' id='word_1_227' title='bbox 998 3217 1187 3280; x_wconf 71' lang='lat' dir='ltr'><strong>Sallustius4</strong></span> <span class='ocrx_word' id='word_1_228' title='bbox 1217 3267 1224 3280; x_wconf 99' lang='lat'><strong>.</strong></span> <span class='ocrx_word' id='word_1_229' title='bbox 1250 3267 1257 3280; x_wconf 86' lang='lat'><strong>.</strong></span> <span class='ocrx_word' id='word_1_230' title='bbox 1286 3225 1394 3297; x_wconf 80' lang='lat' dir='ltr'><strong>quique</strong></span> 
     </span>
     <span class='ocr_line' id='line_1_24' title="bbox 255 3324 1038 3398; baseline -0.001 -17"><span class='ocrx_word' id='word_1_231' title='bbox 255 3340 356 3395; x_wconf 82' lang='lat' dir='ltr'><strong>mona,</strong></span> <span class='ocrx_word' id='word_1_232' title='bbox 382 3328 491 3397; x_wconf 81' lang='lat' dir='ltr'><strong>uentre,</strong></span> <span class='ocrx_word' id='word_1_233' title='bbox 514 3340 591 3398; x_wconf 79' lang='lat' dir='ltr'><strong>pene</strong></span> <span class='ocrx_word' id='word_1_234' title='bbox 613 3324 691 3383; x_wconf 81' lang='lat' dir='ltr'><strong>bono</strong></span> <span class='ocrx_word' id='word_1_235' title='bbox 711 3326 815 3398; x_wconf 76' lang='lat' dir='ltr'><strong>patrio</strong></span> <span class='ocrx_word' id='word_1_236' title='bbox 839 3325 1038 3383; x_wconf 58' lang='lat' dir='ltr'><strong>tardaverat.</strong></span> 
     </span>
    </p>

    <p class='ocr_par' dir='ltr' id='par_1_5' title="bbox 255 3419 1394 3606">
     <span class='ocr_line' id='line_1_25' title="bbox 339 3419 1394 3503; baseline -0.001 -20"><span class='ocrx_word' id='word_1_237' title='bbox 339 3419 437 3483; x_wconf 88' lang='lat' dir='ltr'><strong>Vides</strong></span> <span class='ocrx_word' id='word_1_238' title='bbox 464 3424 620 3503; x_wconf 89' lang='lat' dir='ltr'><strong>quantum</strong></span> <span class='ocrx_word' id='word_1_239' title='bbox 649 3421 857 3484; x_wconf 87' lang='lat' dir='ltr'><strong>similitudine</strong></span> <span class='ocrx_word' id='word_1_240' title='bbox 884 3421 1052 3485; x_wconf 86' lang='lat' dir='ltr'><strong>verborum</strong></span> <span class='ocrx_word' id='word_1_241' title='bbox 1077 3420 1198 3484; x_wconf 87' lang='lat' dir='ltr'><strong>formae</strong></span> <span class='ocrx_word' id='word_1_242' title='bbox 1226 3421 1394 3484; x_wconf 87' lang='lat' dir='ltr'><strong>adsecutus</strong></span> 
     </span>
     <span class='ocr_line' id='line_1_26' title="bbox 255 3522 1393 3606; baseline 0.002 -23"><span class='ocrx_word' id='word_1_243' title='bbox 255 3523 307 3602; x_wconf 82' lang='lat' dir='ltr'><strong>sit,</strong></span> <span class='ocrx_word' id='word_1_244' title='bbox 331 3524 367 3584; x_wconf 87' lang='lat' dir='ltr'><strong>ut</strong></span> <span class='ocrx_word' id='word_1_245' title='bbox 390 3523 520 3585; x_wconf 84' lang='lat' dir='ltr'><strong>verbum</strong></span> <span class='ocrx_word' id='word_1_246' title='bbox 542 3526 753 3605; x_wconf 82' lang='lat' dir='ltr'><strong>postremum,</strong></span> <span class='ocrx_word' id='word_1_247' title='bbox 778 3545 971 3606; x_wconf 81' lang='lat' dir='ltr'><strong>quamquam</strong></span> <span class='ocrx_word' id='word_1_248' title='bbox 992 3545 1106 3605; x_wconf 91' lang='lat' dir='ltr'><strong>parum</strong></span> <span class='ocrx_word' id='word_1_249' title='bbox 1127 3522 1293 3605; x_wconf 77' lang='lat' dir='ltr'><strong>pudicum,</strong></span> <span class='ocrx_word' id='word_1_250' title='bbox 1328 3544 1393 3585; x_wconf 92' lang='lat' dir='ltr'><strong>non</strong></span> 
     </span>
    </p>
   </div>
   <div class='ocr_carea' id='block_1_4' title="bbox 254 3613 1498 3809">
    <p class='ocr_par' dir='ltr' id='par_1_6' title="bbox 254 3613 1498 3809">
     <span class='ocr_line' id='line_1_27' title="bbox 254 3613 1498 3706; baseline 0.003 -22"><span class='ocrx_word' id='word_1_251' title='bbox 254 3623 438 3686; x_wconf 90' lang='lat' dir='ltr'><strong>indecorum</strong></span> <span class='ocrx_word' id='word_1_252' title='bbox 461 3645 529 3686; x_wconf 87' lang='lat' dir='ltr'><strong>csse</strong></span> <span class='ocrx_word' id='word_1_253' title='bbox 550 3624 711 3687; x_wconf 85' lang='lat' dir='ltr'><strong>videatur:</strong></span> <span class='ocrx_word' id='word_1_254' title='bbox 733 3624 805 3687; x_wconf 90' lang='lat' dir='ltr'><strong>ideo</strong></span> <span class='ocrx_word' id='word_1_255' title='bbox 827 3623 965 3704; x_wconf 84' lang='lat' dir='ltr'><strong>scilicet,</strong></span> <span class='ocrx_word' id='word_1_256' title='bbox 990 3624 1072 3706; x_wconf 91' lang='lat' dir='ltr'><strong>qnod</strong></span> <span class='ocrx_word' id='word_1_257' title='bbox 1097 3674 1104 3686; x_wconf 96' lang='lat'><strong>.</strong></span> <span class='ocrx_word' id='word_1_258' title='bbox 1131 3674 1138 3687; x_wconf 85' lang='lat'><strong>.</strong></span> <span class='ocrx_word' id='word_1_259' title='bbox 1158 3625 1255 3688; x_wconf 87' lang='lat' dir='ltr'><strong>verba</strong></span> <span class='ocrx_word' id='word_1_260' title='bbox 1277 3625 1394 3688; x_wconf 90' lang='lat' dir='ltr'><strong>similia</strong></span> <span class='ocrx_word' id='word_1_261' title='bbox 1495 3613 1498 3618; x_wconf 34' lang='lat'><strong><em>¹</em></strong></span> 
     </span>
     <span class='ocr_line' id='line_1_28' title="bbox 255 3723 1494 3809; baseline 0.003 -24"><span class='ocrx_word' id='word_1_262' title='bbox 255 3725 457 3806; x_wconf 85' lang='lat' dir='ltr'><strong>praecedant.</strong></span> <span class='ocrx_word' id='word_1_263' title='bbox 484 3723 573 3799; x_wconf 76' lang='lat' dir='ltr'><strong>Quod</strong></span> <span class='ocrx_word' id='word_1_264' title='bbox 585 3725 612 3787; x_wconf 91' lang='lat' dir='ltr'><strong>si</strong></span> <span class='ocrx_word' id='word_1_265' title='bbox 624 3726 670 3788; x_wconf 89' lang='lat' dir='ltr'><strong>ita</strong></span> <span class='ocrx_word' id='word_1_266' title='bbox 681 3725 760 3788; x_wconf 89' lang='lat' dir='ltr'><strong>haec</strong></span> <span class='ocrx_word' id='word_1_267' title='bbox 775 3725 873 3789; x_wconf 84' lang='lat' dir='ltr'><strong>verba</strong></span> <span class='ocrx_word' id='word_1_268' title='bbox 886 3727 998 3788; x_wconf 90' lang='lat' dir='ltr'><strong>contra</strong></span> <span class='ocrx_word' id='word_1_269' title='bbox 1010 3725 1156 3789; x_wconf 82' lang='lat' dir='ltr'><strong>dixisset:</strong></span> <span class='ocrx_word' id='word_1_270' title='bbox 1179 3725 1295 3808; x_wconf 87' lang='lat' dir='ltr'><strong>quique</strong></span> <span class='ocrx_word' id='word_1_271' title='bbox 1312 3748 1394 3809; x_wconf 87' lang='lat' dir='ltr'><strong>pene</strong></span> <span class='ocrx_word' id='word_1_272' title='bbox 1492 3773 1494 3777; x_wconf 85' lang='lat'><em>-</em></span> 
     </span>
    </p>
   </div>
   <div class='ocr_carea' id='block_1_5' title="bbox 254 3824 1395 4015">
    <p class='ocr_par' dir='ltr' id='par_1_7' title="bbox 254 3824 1395 4015">
     <span class='ocr_line' id='line_1_29' title="bbox 254 3824 1395 3910; baseline 0.004 -24"><span class='ocrx_word' id='word_1_273' title='bbox 254 3824 339 3887; x_wconf 89' lang='lat' dir='ltr'><strong>bona</strong></span> <span class='ocrx_word' id='word_1_274' title='bbox 367 3825 473 3907; x_wconf 91' lang='lat' dir='ltr'><strong>patria</strong></span> <span class='ocrx_word' id='word_1_275' title='bbox 495 3826 706 3910; x_wconf 78' lang='lat' dir='ltr'><strong>laceraverat,</strong></span> <span class='ocrx_word' id='word_1_276' title='bbox 738 3826 860 3890; x_wconf 80' lang='lat' dir='ltr'><strong>indita⁵</strong></span> <span class='ocrx_word' id='word_1_277' title='bbox 883 3826 1064 3890; x_wconf 89' lang='lat' dir='ltr'><strong>obscenitas</strong></span> <span class='ocrx_word' id='word_1_278' title='bbox 1092 3826 1197 3891; x_wconf 88' lang='lat' dir='ltr'><strong>verbis</strong></span> <span class='ocrx_word' id='word_1_279' title='bbox 1226 3831 1395 3909; x_wconf 88' lang='lat' dir='ltr'><strong>appareret</strong></span> 
     </span>
     <span class='ocr_line' id='line_1_30' title="bbox 327 3923 1394 4015; baseline 0.004 -26.757"><span class='ocrx_word' id='word_1_280' title='bbox 327 3928 394 3989; x_wconf 87' lang='lat' dir='ltr'><strong>trat</strong></span> <span class='ocrx_word' id='word_1_281' title='bbox 423 3975 429 3989; x_wconf 89' lang='lat'><strong>.</strong></span> <span class='ocrx_word' id='word_1_282' title='bbox 457 3976 463 3989; x_wconf 94' lang='lat'><strong>.</strong></span> <span class='ocrx_word' id='word_1_283' title='bbox 494 3927 539 3990; x_wconf 87' lang='lat' dir='ltr'><strong>cis</strong></span> <span class='ocrx_word' id='word_1_284' title='bbox 569 3977 576 3991; x_wconf 88' lang='lat'><strong>.</strong></span> <span class='ocrx_word' id='word_1_285' title='bbox 602 3978 609 3991; x_wconf 96' lang='lat'><strong>.</strong></span> <span class='ocrx_word' id='word_1_286' title='bbox 641 3926 775 4015; x_wconf 76' lang='lat' dir='ltr'><strong>[ventre]</strong></span> <span class='ocrx_word' id='word_1_287' title='bbox 805 3950 905 3991; x_wconf 90' lang='lat' dir='ltr'><strong>manu</strong></span> <span class='ocrx_word' id='word_1_288' title='bbox 932 3928 1077 3991; x_wconf 60' lang='lat' dir='ltr'><strong>venerei.</strong></span> <span class='ocrx_word' id='word_1_289' title='bbox 1128 3928 1178 3991; x_wconf 85' lang='lat' dir='ltr'><strong>Ad</strong></span> <span class='ocrx_word' id='word_1_290' title='bbox 1202 3923 1215 3991; x_wconf 65' lang='grc'><strong>’.</strong></span> <span class='ocrx_word' id='word_1_291' title='bbox 1246 3978 1254 3991; x_wconf 91' lang='grc'><strong>.</strong></span> <span class='ocrx_word' id='word_1_292' title='bbox 1284 3952 1394 4013; x_wconf 81' lang='lat' dir='ltr'><strong>aures3</strong></span> 
     </span>
    </p>
   </div>
   <div class='ocr_carea' id='block_1_6' title="bbox 254 4127 1395 4954">
    <p class='ocr_par' dir='ltr' id='par_1_8' title="bbox 342 4127 1281 4199">
     <span class='ocr_line' id='line_1_31' title="bbox 342 4127 1281 4199; baseline 0.004 -20"><span class='ocrx_word' id='word_1_293' title='bbox 342 4134 353 4180; x_wconf 88' lang='lat'>1</span> <span class='ocrx_word' id='word_1_294' title='bbox 373 4128 473 4196; x_wconf 87' lang='lat' dir='ltr'><strong>incipit</strong></span> <span class='ocrx_word' id='word_1_295' title='bbox 491 4127 556 4183; x_wconf 83' lang='lat' dir='ltr'><strong>Cod.</strong></span> <span class='ocrx_word' id='word_1_296' title='bbox 576 4148 603 4198; x_wconf 87' lang='lat' dir='ltr'><strong>p.</strong></span> <span class='ocrx_word' id='word_1_297' title='bbox 623 4135 681 4190; x_wconf 77' lang='lat'>375,</span> <span class='ocrx_word' id='word_1_298' title='bbox 700 4131 776 4183; x_wconf 89' lang='lat' dir='ltr'><strong>cuius</strong></span> <span class='ocrx_word' id='word_1_299' title='bbox 795 4130 871 4183; x_wconf 89' lang='lat' dir='ltr'><strong>nulla</strong></span> <span class='ocrx_word' id='word_1_300' title='bbox 888 4128 1008 4198; x_wconf 86' lang='lat' dir='ltr'><strong>vestigia</strong></span> <span class='ocrx_word' id='word_1_301' title='bbox 1024 4130 1107 4185; x_wconf 87' lang='lat' dir='ltr'><strong>hodie</strong></span> <span class='ocrx_word' id='word_1_302' title='bbox 1126 4129 1281 4199; x_wconf 85' lang='lat' dir='ltr'><strong>supersunt.</strong></span> 
     </span>
    </p>

    <p class='ocr_par' dir='ltr' id='par_1_9' title="bbox 339 4212 1128 4283">
     <span class='ocr_line' id='line_1_32' title="bbox 339 4212 1128 4283; baseline 0.006 -20"><span class='ocrx_word' id='word_1_303' title='bbox 339 4218 355 4263; x_wconf 80' lang='lat'><strong>2</strong></span> <span class='ocrx_word' id='word_1_304' title='bbox 373 4212 473 4280; x_wconf 85' lang='lat' dir='ltr'><strong>incipit</strong></span> <span class='ocrx_word' id='word_1_305' title='bbox 491 4212 556 4267; x_wconf 84' lang='lat' dir='ltr'><strong>Cod.</strong></span> <span class='ocrx_word' id='word_1_306' title='bbox 577 4231 603 4282; x_wconf 86' lang='lat' dir='ltr'><strong>p.</strong></span> <span class='ocrx_word' id='word_1_307' title='bbox 623 4218 684 4278; x_wconf 82' lang='grc'><strong>384,</strong></span> <span class='ocrx_word' id='word_1_308' title='bbox 704 4214 779 4266; x_wconf 88' lang='lat' dir='ltr'><strong>cuius</strong></span> <span class='ocrx_word' id='word_1_309' title='bbox 796 4214 903 4269; x_wconf 89' lang='lat' dir='ltr'><strong>incerta</strong></span> <span class='ocrx_word' id='word_1_310' title='bbox 921 4215 984 4267; x_wconf 89' lang='lat' dir='ltr'><strong>sunt</strong></span> <span class='ocrx_word' id='word_1_311' title='bbox 1002 4213 1128 4283; x_wconf 86' lang='lat' dir='ltr'><strong>vestigia.</strong></span> 
     </span>
    </p>

    <p class='ocr_par' dir='ltr' id='par_1_10' title="bbox 339 4294 799 4366">
     <span class='ocr_line' id='line_1_33' title="bbox 339 4294 799 4366; baseline 0.009 -18"><span class='ocrx_word' id='word_1_312' title='bbox 339 4302 354 4348; x_wconf 91' lang='lat'>3</span> <span class='ocrx_word' id='word_1_313' title='bbox 372 4294 547 4349; x_wconf 87' lang='lat' dir='ltr'><strong>Heindorfius</strong></span> <span class='ocrx_word' id='word_1_314' title='bbox 565 4297 675 4366; x_wconf 88' lang='lat' dir='ltr'><strong>supplet</strong></span> <span class='ocrx_word' id='word_1_315' title='bbox 691 4302 799 4363; x_wconf 72' lang='lat' dir='ltr'><strong>serinac.</strong></span> 
     </span>
    </p>

    <p class='ocr_par' dir='ltr' id='par_1_11' title="bbox 338 4377 585 4434">
     <span class='ocr_line' id='line_1_34' title="bbox 338 4377 585 4434; baseline 0.012 -3"><span class='ocrx_word' id='word_1_316' title='bbox 338 4385 355 4431; x_wconf 85' lang='lat'>4</span> <span class='ocrx_word' id='word_1_317' title='bbox 374 4377 481 4432; x_wconf 84' lang='lat' dir='ltr'><strong>Catilin.</strong></span> <span class='ocrx_word' id='word_1_318' title='bbox 503 4397 524 4433; x_wconf 90' lang='lat' dir='ltr'><strong>c.</strong></span> <span class='ocrx_word' id='word_1_319' title='bbox 546 4386 585 4434; x_wconf 85' lang='grc'><strong>14.</strong></span> 
     </span>
    </p>

    <p class='ocr_par' dir='ltr' id='par_1_12' title="bbox 254 4462 1395 4784">
     <span class='ocr_line' id='line_1_35' title="bbox 339 4462 1394 4521; baseline 0.008 -8"><span class='ocrx_word' id='word_1_320' title='bbox 339 4469 355 4514; x_wconf 83' lang='grc'>5</span> <span class='ocrx_word' id='word_1_321' title='bbox 374 4462 478 4516; x_wconf 83' lang='lat' dir='ltr'><strong>Codex:</strong></span> <span class='ocrx_word' id='word_1_322' title='bbox 497 4470 602 4519; x_wconf 80' lang='lat' dir='ltr'><strong>inedita.</strong></span> <span class='ocrx_word' id='word_1_323' title='bbox 639 4464 667 4518; x_wconf 78' lang='lat' dir='ltr'><strong>O.</strong></span> <span class='ocrx_word' id='word_1_324' title='bbox 686 4466 716 4517; x_wconf 82' lang='lat' dir='ltr'><strong>F.</strong></span> <span class='ocrx_word' id='word_1_325' title='bbox 739 4466 780 4519; x_wconf 89' lang='lat' dir='ltr'><strong>W.</strong></span> <span class='ocrx_word' id='word_1_326' title='bbox 800 4466 932 4519; x_wconf 84' lang='lat' dir='ltr'><strong>Mullorus</strong></span> <span class='ocrx_word' id='word_1_327' title='bbox 950 4467 979 4519; x_wconf 92' lang='lat' dir='ltr'><strong>in</strong></span> <span class='ocrx_word' id='word_1_328' title='bbox 997 4468 1095 4521; x_wconf 89' lang='lat' dir='ltr'><strong>Annal.</strong></span> <span class='ocrx_word' id='word_1_329' title='bbox 1115 4465 1287 4521; x_wconf 85' lang='lat' dir='ltr'><strong>Fleckeiseni</strong></span> <span class='ocrx_word' id='word_1_330' title='bbox 1306 4467 1394 4521; x_wconf 85' lang='lat' dir='ltr'><strong>XClll</strong></span> 
     </span>
     <span class='ocr_line' id='line_1_36' title="bbox 254 4547 1395 4619; baseline 0.007 -22"><span class='ocrx_word' id='word_1_331' title='bbox 254 4564 281 4614; x_wconf 91' lang='lat' dir='ltr'><strong>p.</strong></span> <span class='ocrx_word' id='word_1_332' title='bbox 300 4550 350 4600; x_wconf 87' lang='grc'><strong>490</strong></span> <span class='ocrx_word' id='word_1_333' title='bbox 368 4547 474 4600; x_wconf 81' lang='lat' dir='ltr'><strong>mavult</strong></span> <span class='ocrx_word' id='word_1_334' title='bbox 496 4554 580 4601; x_wconf 80' lang='lat' dir='ltr'><strong>insito.</strong></span> <span class='ocrx_word' id='word_1_335' title='bbox 616 4548 659 4601; x_wconf 74' lang='lat' dir='ltr'><strong>R:</strong></span> <span class='ocrx_word' id='word_1_336' title='bbox 681 4554 794 4615; x_wconf 80' lang='lat' dir='ltr'><strong>foeditas</strong></span> <span class='ocrx_word' id='word_1_337' title='bbox 816 4555 940 4604; x_wconf 77' lang='lat' dir='ltr'><strong>obscenae</strong></span> <span class='ocrx_word' id='word_1_338' title='bbox 958 4556 1025 4605; x_wconf 83' lang='lat' dir='ltr'><strong>vocis</strong></span> <span class='ocrx_word' id='word_1_339' title='bbox 1043 4564 1191 4619; x_wconf 78' lang='lat' dir='ltr'><strong>appareret.</strong></span> <span class='ocrx_word' id='word_1_340' title='bbox 1228 4555 1395 4605; x_wconf 75' lang='lat' dir='ltr'><strong>Buttmannus·</strong></span> 
     </span>
     <span class='ocr_line' id='line_1_37' title="bbox 254 4629 1395 4705; baseline 0.006 -24"><span class='ocrx_word' id='word_1_341' title='bbox 254 4629 426 4683; x_wconf 80' lang='lat' dir='ltr'><strong>Eolxstcinius</strong></span> <span class='ocrx_word' id='word_1_342' title='bbox 453 4631 614 4685; x_wconf 86' lang='lat' dir='ltr'><strong>dubitanter</strong></span> <span class='ocrx_word' id='word_1_343' title='bbox 637 4632 748 4686; x_wconf 87' lang='lat' dir='ltr'><strong>coniicit</strong></span> <span class='ocrx_word' id='word_1_344' title='bbox 770 4639 894 4690; x_wconf 71' lang='lat' dir='ltr'><strong>irzoudita.</strong></span> <span class='ocrx_word' id='word_1_345' title='bbox 928 4634 1005 4687; x_wconf 86' lang='lat' dir='ltr'><strong>idem</strong></span> <span class='ocrx_word' id='word_1_346' title='bbox 1027 4634 1056 4687; x_wconf 91' lang='lat' dir='ltr'><strong>in</strong></span> <span class='ocrx_word' id='word_1_347' title='bbox 1078 4634 1266 4704; x_wconf 89' lang='lat' dir='ltr'><strong>superioribus</strong></span> <span class='ocrx_word' id='word_1_348' title='bbox 1284 4636 1395 4705; x_wconf 85' lang='lat' dir='ltr'><strong>supplet</strong></span> 
     </span>
     <span class='ocr_line' id='line_1_38' title="bbox 255 4715 545 4784; baseline 0.007 -17"><span class='ocrx_word' id='word_1_349' title='bbox 255 4720 323 4782; x_wconf 82' lang='lat' dir='ltr'><strong>quod</strong></span> <span class='ocrx_word' id='word_1_350' title='bbox 338 4715 368 4767; x_wconf 90' lang='lat' dir='ltr'><strong>id</strong></span> <span class='ocrx_word' id='word_1_351' title='bbox 384 4720 461 4769; x_wconf 82' lang='lat' dir='ltr'><strong>verba</strong></span> <span class='ocrx_word' id='word_1_352' title='bbox 478 4737 500 4771; x_wconf 89' lang='lat' dir='ltr'><strong>s.</strong></span> <span class='ocrx_word' id='word_1_353' title='bbox 518 4739 545 4784; x_wconf 85' lang='lat' dir='ltr'><strong>p.</strong></span> 
     </span>
    </p>

    <p class='ocr_par' dir='ltr' id='par_1_13' title="bbox 254 4799 1394 4954">
     <span class='ocr_line' id='line_1_39' title="bbox 338 4799 1394 4875; baseline 0.008 -23"><span class='ocrx_word' id='word_1_354' title='bbox 338 4799 438 4853; x_wconf 76' lang='lat' dir='ltr'><strong>oood.</strong></span> <span class='ocrx_word' id='word_1_355' title='bbox 462 4799 572 4855; x_wconf 89' lang='lat' dir='ltr'><strong>videtur</strong></span> <span class='ocrx_word' id='word_1_356' title='bbox 593 4802 698 4856; x_wconf 85' lang='lat' dir='ltr'><strong>habere</strong></span> <span class='ocrx_word' id='word_1_357' title='bbox 725 4808 817 4856; x_wconf 82' lang='lat' dir='ltr'><strong>venire.</strong></span> <span class='ocrx_word' id='word_1_358' title='bbox 855 4806 949 4856; x_wconf 82' lang='lat' dir='ltr'><strong>Maius.</strong></span> <span class='ocrx_word' id='word_1_359' title='bbox 990 4804 1078 4857; x_wconf 90' lang='lat' dir='ltr'><strong>Immo</strong></span> <span class='ocrx_word' id='word_1_360' title='bbox 1103 4816 1204 4869; x_wconf 76' lang='lat' dir='ltr'><strong>ventre,</strong></span> <span class='ocrx_word' id='word_1_361' title='bbox 1231 4822 1297 4859; x_wconf 88' lang='lat' dir='ltr'><strong>nam</strong></span> <span class='ocrx_word' id='word_1_362' title='bbox 1319 4806 1394 4875; x_wconf 89' lang='lat' dir='ltr'><strong>quod</strong></span> 
     </span>
     <span class='ocr_line' id='line_1_40' title="bbox 254 4881 1130 4954; baseline 0.014 -20"><span class='ocrx_word' id='word_1_363' title='bbox 254 4881 343 4949; x_wconf 88' lang='lat' dir='ltr'><strong>primo</strong></span> <span class='ocrx_word' id='word_1_364' title='bbox 361 4884 422 4938; x_wconf 91' lang='lat' dir='ltr'><strong>loco</strong></span> <span class='ocrx_word' id='word_1_365' title='bbox 441 4895 527 4939; x_wconf 76' lang='lat' dir='ltr'><strong>ventre</strong></span> <span class='ocrx_word' id='word_1_366' title='bbox 544 4884 639 4954; x_wconf 87' lang='lat' dir='ltr'><strong>posuit</strong></span> <span class='ocrx_word' id='word_1_367' title='bbox 655 4886 757 4953; x_wconf 90' lang='lat' dir='ltr'><strong>Maius,</strong></span> <span class='ocrx_word' id='word_1_368' title='bbox 774 4888 881 4941; x_wconf 87' lang='lat' dir='ltr'><strong>temere</strong></span> <span class='ocrx_word' id='word_1_369' title='bbox 900 4887 995 4942; x_wconf 87' lang='lat' dir='ltr'><strong>fecisse</strong></span> <span class='ocrx_word' id='word_1_370' title='bbox 1014 4887 1130 4945; x_wconf 88' lang='lat' dir='ltr'><strong>videtur.</strong></span> 
     </span>
    </p>
   </div>
   <div class='ocr_carea' id='block_1_7' title="bbox 0 0 1660 6050">
    <p class='ocr_par' dir='ltr' id='par_1_14' title="bbox 0 0 1660 6050">
     <span class='ocr_line' id='line_1_41' title="bbox 0 0 1660 6050; baseline 0 0"><span class='ocrx_word' id='word_1_371' title='bbox 0 0 1660 6050; x_wconf 95' lang='lat' dir='ltr'><strong> </strong></span> 
     </span>
    </p>
   </div>
  </div>
 </body>
</html>
