3300 6050
280 876 391 923 XXXVI
713 855 993 910 PROLECOMENA.

669 1025 829 1079 Sidonius
848 1025 953 1093 Epist.
973 1025 993 1091 I,
1014 1032 1036 1078 1.

364 1129 413 1192 De
436 1127 480 1191 M.
503 1126 608 1191 Tullio
637 1127 731 1190 silere
758 1149 809 1190 me
837 1127 872 1189 in
899 1126 974 1191 stilo
1001 1128 1168 1210 epistulari
1190 1129 1304 1194 melius
1325 1133 1421 1213 puto,

185 1257 189 1275 .
279 1235 373 1297 quem
394 1235 455 1276 nec
476 1212 577 1275 Iulius
597 1212 745 1275 Titianus
766 1215 872 1274 totum
894 1211 954 1275 sub
976 1212 1159 1276 nominibus
1181 1213 1356 1277 illustrium
1376 1215 1422 1280 fe-

277 1299 438 1360 minarum
465 1297 564 1380 digna
598 1296 806 1359 similitudine
840 1297 1005 1378 expressit.
1050 1296 1187 1380 Propter
1214 1299 1299 1381 quod
1330 1299 1422 1363 illum

278 1382 375 1445 ceteri
410 1382 527 1464 quique
554 1380 863 1463 Frontonianorum,
901 1384 1011 1463 utpote
1041 1384 1287 1446 consectaneum
1316 1406 1422 1447 aemu-

277 1466 351 1548 lati,
382 1488 438 1530 cur
459 1468 663 1529 veternosum
685 1465 810 1529 dicendi
834 1487 936 1548 genus
966 1465 1163 1548 imitaretur,
1194 1471 1358 1530 oratorum
1381 1469 1421 1532 si-

276 1551 374 1614 miam
396 1553 675 1633 nuncupaverunt.

750 1651 843 1704 Idem
860 1649 907 1715 IV,
925 1658 949 1704 3.

361 1753 430 1816 Nec
452 1752 690 1816 Frontonianae
719 1753 889 1836 gravitatis
917 1754 975 1815 aut
995 1753 1145 1835 ponderis
1167 1753 1340 1836 Apuleiani
1362 1756 1421 1818 flu·

277 1860 352 1902 man
375 1838 587 1921 aequiparem.

726 1920 818 1974 reem
835 1920 909 1986 riu,
930 1927 969 1974 10.

361 2023 405 2086 M.
422 2023 542 2086 Fronto
566 2045 638 2086 cum
659 2023 789 2105 reliquis
805 2023 1003 2085 orationibus
1026 2023 1192 2105 emineret,
1215 2024 1250 2086 in
1266 2023 1419 2109 Pelopem

276 2130 310 2172 se
333 2108 394 2171 sibi
416 2108 578 2191 praetulit.

686 2189 871 2258 Eutropius
889 2189 964 2255 VIII,
983 2196 1007 2243 6.

359 2293 492 2357 Latinas
507 2292 653 2356 Marcum
667 2293 792 2355 litteras
806 2291 927 2355 Fronto
942 2294 1050 2355 orator
1064 2292 1282 2356 nobilissimus
1298 2295 1417 2358 docuit.

406 2427 598 2481 Martianus
617 2427 756 2495 Capella
774 2426 831 2479 lib.
850 2426 883 2479 V.
903 2425 981 2479 edit.
1000 2427 1164 2494 Eyssenh.
1182 2445 1210 2497 p.
1232 2434 1288 2486 140.

359 2529 438 2593 Post
459 2530 517 2592 hos
539 2530 575 2591 in
597 2529 729 2591 diversis
753 2527 935 2611 agminibus
958 2531 1100 2591 oratores
1123 2530 1257 2612 emeriti,
1282 2552 1320 2594 ac
1341 2553 1419 2613 prae

274 2637 308 2678 se
329 2615 472 2677 ferentes
500 2613 679 2697 insignium
707 2611 835 2675 culmen
861 2612 1039 2695 meritaque
1062 2612 1261 2696 linguarum,
1286 2615 1419 2678 Aeschi-

275 2721 366 2779 nem,
390 2698 564 2760 Isoeratem
587 2696 778 2779 Lysiamque
800 2698 1015 2779 conspiceres:
1038 2699 1109 2760 tum
1123 2698 1158 2761 in
1176 2699 1296 2781 togatis
1318 2699 1419 2782 agmi-

273 2783 369 2846 nibus
390 2781 571 2864 Sosantios,
596 2780 769 2863 Gracchos,
792 2780 965 2864 Regulum,
982 2780 1125 2845 Plinium
1146 2781 1416 2867 Frontonemque.

613 2915 640 2968 S.
659 2915 883 2984 Hieronymus
902 2914 998 2983 epist.
1018 2915 1079 2968 XII.

360 3018 413 3082 Ad
435 3021 576 3082 mentem
598 3017 818 3101 edomandam,
847 3016 973 3081 cuidam
994 3017 1099 3100 fratri,
1146 3019 1178 3081 ui
1201 3041 1240 3083 ex
1261 3017 1418 3083 Hebraeis

274 3104 469 3185 crediderat,
499 3125 549 3167 me
575 3105 611 3167 in
634 3102 839 3185 disciplinam
862 3102 952 3184 dedi,
976 3105 1013 3166 ut
1034 3106 1109 3186 post
1158 3103 1323 3167 uintiliani
1346 3126 1418 3167 acu-

273 3189 372 3270 mina,
397 3188 560 3254 Ciceronis
582 3188 694 3251 fluvios
722 3187 980 3270 gravitatemque
1000 3186 1173 3251 Frontonis
1196 3190 1229 3251 et
1250 3188 1418 3251 lenitatem

273 3273 392 3355 Plinii,
417 3272 624 3356 alphabetum
638 3272 794 3336 discerem
814 3274 848 3334 et
862 3271 1032 3335 stridentia
1049 3271 1299 3355 anhelantiaque
1320 3272 1419 3336 verba

273 3358 455 3422 meditarer.

425 3474 519 3529 Idem
540 3474 630 3527 libro
649 3474 688 3527 de
706 3472 796 3536 Viris
818 3472 1017 3526 Illustribus
1035 3472 1069 3526 in
1086 3473 1263 3527 Melitone.

359 3575 470 3639 Melito
499 3576 657 3657 Asianus,
687 3574 854 3637 sardensis
877 3575 1062 3658 episcopus,
1092 3574 1211 3647 librum
1231 3576 1419 3657 imperatori

273 3661 319 3723 M.
337 3660 506 3723 Antonino
521 3657 617 3740 Vero,
642 3658 697 3741 qui
712 3656 885 3722 Frontonis
907 3659 1043 3723 oratoris
1066 3658 1240 3743 discipulus
1261 3659 1335 3743 fuit,
1359 3681 1418 3743 pro

274 3744 459 3809 Christiano
481 3744 631 3827 dogmate
654 3742 751 3806 dedit.

476 3877 567 3931 Idem
585 3877 619 3930 in
637 3875 804 3931 Chronico
823 3877 865 3930 ad
883 3893 1005 3931 annum
1023 3876 1096 3930 Chr.
1111 3876 1212 3930 CLXV.

358 3979 479 4043 Fronto
495 3982 602 4042 orator
617 3979 756 4062 insignis
772 3978 921 4061 habetur,
945 3979 1000 4062 qui
1016 3978 1061 4042 M.
1077 3980 1282 4043 Antoninum
1296 3979 1418 4044 Verum

274 4065 399 4128 Latinis
421 4064 540 4127 litteris
563 4063 710 4126 erudivit.

346 4224 357 4241 ο
376 4196 600 4251 Cassiodorus
618 4196 653 4249 in
671 4195 839 4251 Chronico
858 4197 898 4251 ad
917 4213 1036 4251 annum
1055 4195 1182 4250 Christi
1200 4197 1315 4252 CLXIV.

358 4300 503 4363 Macrino
530 4302 563 4362 et
585 4298 676 4363 Celso
700 4320 803 4363 conss.
832 4298 953 4361 Fronto
975 4301 1083 4363 orator
1104 4299 1243 4384 insignis
1267 4300 1416 4383 habetur,
1511 4310 1520 4331 ⁸

274 4385 329 4467 qui
351 4383 396 4446 M.
420 4384 625 4447 Antoninum
646 4383 771 4447 Latinis
793 4383 911 4447 litteris
934 4383 1079 4446 erudivit.

359 4618 450 4682 Haec
473 4620 565 4683 affert
586 4619 702 4683 Maius.
748 4618 833 4693 Quos
855 4621 1022 4701 praeterea
1049 4619 1160 4683 laudat
1186 4619 1272 4684 locos
1295 4642 1312 4684 e
1333 4619 1417 4685 Iulio

274 4704 412 4766 Firmico
440 4706 472 4767 et
498 4704 620 4767 loanne
648 4703 900 4785 saresberiensi,
935 4725 1001 4767 non
1029 4726 1108 4786 opus
1135 4704 1199 4767 fuit
1227 4704 1416 4787 describere,
1518 4703 1524 4713 ”

274 4789 349 4871 quia
371 4787 425 4851 ille
447 4789 486 4851 de
509 4789 571 4851 alio
593 4788 756 4851 Frontone
779 4788 930 4871 loquitur,
954 4787 1008 4851 hic
1030 4788 1154 4851 diversa
1175 4789 1300 4853 miscet.
