3300 6050
610 844 809 901 EPISTULAE
829 841 1005 897 GRAECAE.
1353 838 1414 901 247

271 1024 461 1107 ειίρήςομεν1
487 1023 547 1101 οὐχ
570 1020 673 1101 όμοια.
713 1016 837 1081 Μάθοις
859 1017 894 1079 δ’
916 1017 956 1080 ἂν
979 1013 1148 1093 προςέχων
1171 1017 1238 1077 ταῖς
1260 1037 1295 1080 τε
1316 1013 1415 1081 δίκαις

269 1131 408 1193 καὶτοῖς
431 1125 549 1201 ἀγῶςιν
571 1125 640 1187 τοίς
662 1120 821 1200 δημοςίοις
852 1120 902 1184 καὶ
928 1123 995 1183 τοίς
1023 1122 1207 1189 ἰδιωτικοῖς·
1236 1126 1313 1195 ένθα
1341 1126 1416 1194 οὔτε

270 1227 432 1295 δτόποςί
459 1233 525 1292 τῶν
549 1222 771 1304 δικαςτηρίων,
801 1221 876 1285 οὔτε
907 1227 974 1288 τῶν
1003 1226 1197 1295 δικαζόντων
1226 1231 1245 1295 ὁ
1272 1231 1412 1311 ἀριθμός,

270 1333 345 1398 οὔτε
366 1329 490 1411 τάξίξις
518 1334 585 1394 τῶν
613 1326 745 1407 φάςεων
776 1324 825 1387 καί
853 1324 1011 1404 κλήςεων,
1040 1327 1116 1393 οὔτε
1146 1336 1205 1396 τού
1233 1332 1351 1397 ὕδατος
1377 1333 1415 1396 τὸ

269 1436 397 1514 μέτρον,
421 1431 497 1496 οὐδέ
519 1451 555 1506 γε
578 1427 636 1494 τὰί
659 1427 897 1507 προςτιμήματα
911 1433 977 1493 τῶν
993 1435 1263 1512 κατεγνωςμένων
1285 1434 1414 1512 ταύτάί,

270 1535 372 1601 ἀλλὰ6
394 1537 542 1599 πλεῖςτον
566 1530 643 1597 ὅςον
665 1531 830 1608 διήνεγκεν
859 1529 898 1592 τὰ
920 1529 1052 1608 δημόςια
1074 1540 1141 1600 τῶν
1164 1535 1263 1601 ἰδίων.
1290 1537 1345 1600 Καὶ
1366 1536 1415 1600 ὅτι

198 1634 200 1641 ’
270 1643 325 1715 τῆς
347 1639 404 1716 μὲν
427 1636 556 1700 πόλεως
577 1630 834 1700 ιίιναπεπτάςθαι7
857 1632 1007 1711 προςήκει
1029 1634 1085 1697 τὰς
1107 1637 1210 1700 πύλας
1233 1638 1357 1705 εἰςιέναι
1380 1659 1414 1702 τε

269 1748 315 1826 τῷ
342 1738 530 1820 βουλομένῳ
558 1738 608 1801 καί
636 1735 750 1801 ἐξιέναι
778 1733 879 1798 ὁπότε
907 1734 1095 1814 βούλοιτο·8
1118 1737 1238 1823 ἑκάςτῳ
1261 1741 1296 1804 δὲ
1323 1741 1413 1818 ἡμῶν

270 1849 336 1908 τῶν
359 1842 495 1906 ἰδιωτῶν
524 1838 550 1904 εἰ
572 1839 612 1918 μὴ
635 1836 791 1918 φυλάττοι
816 1836 873 1901 τὰς
897 1837 995 1916 θύρας
1017 1838 1068 1902 καί
1089 1839 1175 1906 πάνυ
1197 1840 1371 1921 γρηγοροίη
1395 1841 1413 1905 δ

270 1943 428 2026 θυρωρός,
452 1941 570 2028 εἴργων
586 1942 643 2020 μὲν
658 1943 713 2016 τῆς
736 1938 861 2003 εἰςόδου
883 1939 959 2003 τούς
981 1943 1079 2019 μηδὲν
1094 1944 1325 2022 προςήκοντας,
1347 1947 1414 2007 τοίς

270 2049 305 2112 δὲ
328 2046 462 2112 οἰκέταις
479 2046 538 2108 ούκ
552 2043 735 2122 ἐπιτρέπων
758 2040 864 2105 ἀδεῶς
879 2041 980 2106 ὁπότε
996 2043 1168 2122 βούλοιντο
1191 2045 1252 2111 ἔξω
1269 2044 1416 2126 βαδίζειν,

270 2149 329 2213 ούκ
351 2149 391 2214 ἂν
407 2147 514 2227 ὀρθῶς
537 2142 738 2223 οἰκουροῖτοί
757 2144 796 2208 τὰ
819 2143 898 2207 κατὰ
919 2146 978 2222 τὴν
1001 2144 1110 2235 οἰκίαν.
1157 2147 1212 2211 Καὶ
1235 2146 1322 2211 ςτοαὶ
1346 2148 1415 2211 δὲ10

269 2253 319 2316 καί
341 2249 419 2328 ἄλςη
442 2249 492 2314 καὶ
515 2247 617 2329 βωμοὶ
639 2246 690 2310 καὶ
713 2245 904 2324 γυμνάςια11
926 2247 976 2309 καὶ
999 2249 1119 2327 λουτρὰ
1140 2249 1180 2312 τὰ
1203 2251 1260 2327 μὲν
1283 2248 1415 2327 δημόςια

269 2357 363 2419 πᾶςιν
391 2352 441 2415 καὶ
468 2354 586 2430 προῖκα
614 2348 750 2429 ἀνεῖται,
784 2348 824 2411 τὰ
858 2349 894 2412 δὲ
927 2353 993 2412 τῶν
1028 2348 1165 2416 ἰδιωτῶν
1203 2350 1267 2414 ὑπὸ
1305 2337 1437 2433 ςιδηρᾷ’

269 2455 367 2520 κλειδὶ
389 2454 440 2517 καί
461 2474 523 2519 τινι
546 2451 746 2531 θυροφύλακι
756 2449 793 2488 ¹²·
817 2450 868 2513 καί
890 2452 1000 2528 μιςθὸν
1023 2452 1206 2528 έκλέγουςιν
1234 2454 1321 2532 παρὰ
1347 2459 1414 2517 τῶν

270 2559 468 2636 λουομένων.
508 2554 592 2619 Οὐδὲ
619 2555 659 2619 τὰ
682 2555 797 2618 δεῖπνα
818 2554 854 2617 δὲ
877 2551 974 2630 ὅμοια
995 2553 1034 2616 τὰ
1067 2551 1206 2618 ἰδιωτικὰ
1235 2556 1285 2617 καὶ
1311 2555 1351 2618 τὰ
1378 2555 1414 2620 έν

269 2657 467 2742 πρυτανείῳ·
493 2658 569 2722 οὐδὲ
592 2656 610 2720 δ
631 2655 733 2719 ἵππος
755 2653 773 2719 ὅ
795 2676 831 2719 τε
854 2654 1011 2719 ἰδιωτικὸς
1033 2656 1084 2719 καὶ
1106 2656 1125 2721 ὁ
1148 2657 1312 2736 δημόςιος·
1336 2656 1413 2721 οὐδὲ
1459 2667 1461 2671 ’

269 2763 288 2841 ἡ
311 2761 467 2842 πορφύρα
488 2767 554 2826 τῶν
578 2758 747 2838 ἀρχόντων
770 2758 909 2823 καὶτῶν
932 2762 1097 2836 δημοτῶν·
1120 2758 1197 2823 ούδέ
1219 2758 1413 2838 ὁςτέφανος

268 2870 336 2930 τῶν
366 2864 474 2943 ῥόδων
496 2868 563 2928 τῶν
586 2860 715 2926 οἴκοθεν
738 2860 788 2923 καί
817 2860 835 2923 δ
863 2863 918 2938 τῆς
946 2859 1053 2924 έλαίας
1081 2865 1137 2939 τῆς
1165 2862 1413 2940 Ὀλυμπίαςινίί.

354 2963 458 3035 ’,Αλλὰ
484 2968 584 3029 ταύτα
611 2964 668 3042 μὲν
697 2962 801 3028 έὰςειν
829 2981 882 3040 μοι
908 2965 996 3026 δοκῶ
1025 2964 1075 3027 καὶ
1102 2965 1273 3045 χαριεῑςθαί
1301 2984 1349 3030 ςοι
1376 2966 1413 3031 τὸ

270 3071 337 3133 δεῖν
360 3067 488 3130 έπεςθαι
512 3070 578 3130 τοῖς
601 3065 760 3143 δημοςίοις
782 3065 823 3128 τὰ
847 3064 993 3129 ἰδιωτικὰ.
1018 3065 1247 3146 Κεχαριςμένος
1263 3068 1298 3131 δὲ
1312 3071 1411 3131 τοῦτο

270 3169 375 3234 οὐκέτι
403 3166 588 3247 χαριςαίμην
616 3166 655 3232 ἂν
686 3169 783 3230 τούτο
810 3216 816 3227 .
842 3213 848 3226 .
873 3185 940 3230 ειςα
964 3214 971 3227 .
997 3215 1004 3227 .
1029 3170 1115 3233 ολειν
1139 3218 1144 3229 .
1170 3168 1210 3229 .¹⁴
1232 3169 1413 3247 ἐπιτρέπειν

269 3275 407 3351 χρῆςθαι.
451 3269 531 3347 Ἤδη
559 3267 657 3332 τοῦτό
684 3268 767 3333 έςτιν
795 3268 814 3332 ὃ
843 3266 956 3351 έγῶί15
982 3268 1104 3347 φράςω.
1148 3270 1193 3333 Τὸ
1221 3272 1278 3348 μὲν
1301 3270 1412 3349 ἀμφιε-

356 3480 368 3527 1
389 3472 454 3527 Cod.
475 3471 629 3538 εἰρήςομεν.
667 3469 793 3525 Correxit
809 3468 987 3523 Niebuhrius.

353 3567 368 3612 2
386 3559 430 3612 Ita
448 3556 548 3623 Codex,
567 3555 642 3623 quod
659 3554 828 3608 Niebuhrius
846 3555 902 3609 iam
920 3553 1085 3609 coniecerat.
1119 3554 1208 3609 Maius
1225 3556 1319 3621 τόνος,
1338 3555 1412 3609 unde

268 3644 409 3699 lacobsius
428 3643 520 3707 ὄγκος.

354 3735 369 3782 3
386 3724 488 3796 Incipit
505 3724 571 3779 cod.
590 3743 617 3794 p.
640 3730 695 3779 138.

352 3812 480 3867 400dex
497 3812 572 3875 ούγε.

352 3896 452 3952 500d.
475 3911 591 3949 τααυτα.

254 3968 257 3973 ’
353 3982 430 4035 alta
447 3978 548 4033 Codex.
584 3977 674 4033 Maius
692 3980 756 4045 ἅμα,
774 3978 848 4031 unde
865 3976 1008 4032 Iacobsius
1026 3981 1087 4045 ἄρα.

354 4073 369 4121 7
388 4065 455 4119 eod.
474 4066 708 4118 ἀναπεπετὰςθαι.

352 4156 368 4205 8
387 4149 453 4204 eod.
474 4152 665 4214 βουλοιτοτατ.

263 4295 268 4302 ,
353 4242 368 4290 9
387 4233 453 4289 cod.
473 4233 630 4299 οἰκυριοιτο.
662 4232 738 4287 Corr.
757 4233 926 4288 Niebuhrius
945 4233 974 4287 εἰ
990 4233 1138 4287 Iacobsius.

337 4326 368 4374 10
386 4317 446 4372 Om.
464 4316 561 4371 Maius.

337 4410 367 4456 11
388 4402 454 4457 eod.
473 4401 583 4455 videtur
600 4402 705 4456 habere
723 4403 846 4468 γυνάςια.

338 4495 368 4541 12
386 4488 430 4541 lta
448 4485 593 4540 emendavi
611 4485 719 4540 Codicis
738 4488 818 4554 (ύριρ
839 4490 951 4555 φύλακι.

338 4580 368 4627 13
388 4571 453 4626 eod.
474 4574 549 4625 ελαις
566 4576 618 4638 τῆς
636 4573 805 4636 ὸλυπςιαςιν,
823 4571 873 4624 sed
891 4588 959 4625 eras.
975 4588 1018 4625 πς.
1046 4571 1111 4624 Mox
1128 4570 1217 4624 Maius
1235 4572 1292 4636 ἅμα
1309 4576 1409 4636 ταῦτα,

268 4659 341 4712 unde
360 4655 500 4710 Iacobsius
518 4656 596 4709 ἀλλά.

338 4749 370 4795 14
387 4743 431 4795 lta
452 4757 467 4794 e
491 4739 591 4794 Codice
614 4739 791 4808 descriptum.
828 4740 929 4795 Maius:
954 4757 1014 4796 πεις
1033 4784 1039 4794 .
1060 4783 1066 4793 .
1087 4743 1145 4795 δειν
1165 4783 1196 4795 ..
1225 4739 1321 4793 Malim
1338 4741 1407 4793 fere:

269 4832 304 4883 τὸ
323 4834 413 4882 πείςαι
431 4827 522 4880 θέλειν
540 4828 585 4879 καί
603 4826 691 4892 ἑπιτρ.

338 4918 369 4967 15
385 4909 486 4981 Incipit
504 4908 569 4963 eod.
588 4927 616 4979 p.
638 4915 693 4964 137.
