3300 6050
280 857 320 929 66
489 853 526 915 Μ.
541 852 710 916 CORNELII
727 850 933 916 FRONTONIS
951 852 1205 916 EPISTULARUM

279 1045 392 1098 nestum
414 1036 451 1096 ut
472 1035 618 1114 suspendi
638 1032 711 1118 11111
729 1033 1079 1116 ceres.Aintandem,
1103 1054 1164 1116 quo
1191 1035 1286 1116 pacto
1312 1037 1417 1097 aestus

280 1133 513 1218 suspenditur?
555 1133 683 1219 Neque
699 1135 733 1197 id
761 1135 994 1218 repraehendo,
1028 1138 1061 1198 te
1088 1135 1178 1198 verbi
1196 1134 1418 1198 translatione

279 1238 429 1301 audacius
463 1258 681 1320 progressum:
715 1237 833 1320 quippe
866 1238 920 1317 qui
956 1236 1044 1299 Enni
1072 1236 1233 1299 sententia
1266 1249 1417 1301 oratorem

279 1345 425 1403 audacem
448 1360 510 1402 esse
531 1344 638 1402 debere
661 1360 816 1402 censeam.
863 1337 913 1402 Sit
934 1360 1011 1400 sane
1034 1338 1137 1401 audax
1158 1340 1275 1420 orator,
1298 1338 1418 1400 11111-

277 1441 350 1504 nius
373 1439 529 1523 postulat3
552 1440 607 1502 sed
630 1462 648 1502 a
670 1439 894 1523 significando,
923 1440 1006 1523 quod
1028 1439 1095 1503 volt
1116 1439 1231 1523 eloqui,
1260 1462 1418 1523 nusquam

278 1542 504 1626 digrediatur&
548 1541 654 1625 Igitur
680 1541 879 1604 voluntatem
907 1541 1034 1624 quidem
1062 1543 1151 1604 tuam
1179 1562 1297 1625 magno
1323 1563 1418 1624 opere

277 1644 411 1726 probavi
432 1642 625 1730 laudabique
647 1664 742 1725 quom
769 1642 901 1705 verbum
927 1664 1078 1726 quaerere
1107 1643 1276 1726 adgressus
1299 1664 1347 1726 es3
1370 1643 1418 1705 in-

278 1738 479 1830 diligentiam
502 1746 609 1807 autem
631 1744 767 1828 quaesiti
788 1744 887 1825 verbi,
912 1744 995 1827 quod
1018 1746 1102 1807 esset
1122 1744 1269 1827 absurda,
1293 1766 1417 1826 reprae-

277 1845 390 1909 hendi:
413 1845 550 1930 namque
572 1844 792 1912 manuleorum
813 1845 1002 1927 intervallis
1030 1867 1111 1928 quae
1132 1845 1295 1908 interdum
1309 1845 1417 1908 laxata

276 1947 419 2010 videmus
454 1951 548 2031 atque
579 1947 758 2029 fluitantia,
793 1947 945 2030 suspendi
978 1949 1085 2010 aestus
1118 1969 1185 2010 non
1207 1950 1328 2030 potest:
1362 1969 1416 2030 po-

276 2050 341 2111 test
369 2051 474 2111 aestus
502 2070 559 2132 per
586 2049 682 2112 vestis
710 2048 882 2111 intervalla
904 2047 1030 2131 depelli,
1065 2052 1172 2131 potest
1200 2048 1284 2132 degi,
1311 2051 1417 2132 potest

277 2150 432 2232 demeare,
456 2152 563 2232 potest
586 2150 793 2231 circumduci,
823 2150 930 2232 potest
951 2149 1134 2230 interverti,
1161 2153 1269 2232 potest
1297 2151 1423 2213 eventi·

276 2250 350 2314 lari:
374 2251 482 2314 omnia
505 2251 641 2334 denique
656 2253 763 2333 potius
777 2252 895 2333 potest,
919 2272 1015 2333 quam
1037 2271 1129 2334 posse
1145 2251 1311 2334 suspendi3
1335 2251 1417 2334 quod

275 2353 409 2416 verbum
445 2351 629 2435 suspendi?
651 2352 823 2434 sustineri,
870 2373 937 2414 non
978 2373 1036 2435 per
1072 2351 1256 2415 laxamenta
1292 2352 1415 2434 deduci,

276 2453 449 2537 signifieat.

362 2553 440 2617 Post
461 2553 524 2616 ista
545 2554 665 2636 monui,
690 2553 804 2636 quibus
827 2555 950 2637 studiis,
981 2555 1132 2638 quoniam
1158 2556 1206 2617 ita
1234 2554 1348 2637 uelles,
1384 2559 1416 2619 te

276 2654 428 2718 historiae
451 2654 641 2717 scribendae
655 2675 872 2737 praeparares
902 2655 972 2729 Qua
994 2656 1032 2719 de
1053 2678 1088 2718 re
1111 2657 1203 2719 cum³
1225 2656 1353 2740 longior
1374 2657 1417 2719 sit

277 2757 388 2838 oratio,
412 2776 454 2818 ne
476 2756 604 2818 modum
627 2754 782 2838 epistulae
805 2756 961 2838 egrediar,
990 2749 1088 2819 finem
1114 2757 1208 2820 facie.
1254 2756 1288 2821 Si
1314 2761 1350 2820 11
1378 2759 1416 2820 de

280 2879 317 2919 ea
339 2877 464 2940 quoque
486 2857 633 2919 rescribi
650 2857 690 2919 ad
704 2858 736 2919 te
751 2855 848 2938 volae,
874 2857 971 2918 etiam
987 2857 1088 2939 adque
1106 2858 1204 2920 etiam
1220 2853 1414 2922 admonebis

308 3026 370 3092 IV.
405 3026 450 3092 Μ.
475 3026 603 3092 Caesar
625 3026 670 3091 Μ.
694 3026 870 3108 Frontoni
892 3025 1064 3107 Magistro
1087 3021 1158 3092 Suo
1173 3027 1197 3111 41
1215 3022 1389 3092 Salutem.

362 3161 536 3253 Postquam
557 3160 738 3224 vehiculum
759 3162 916 3244 inscendi,
940 3164 1110 3244 postquam
1131 3163 1163 3223 te
1185 3160 1332 3244 salutavi,
1355 3164 1417 3225 iter

278 3286 344 3327 non
375 3264 453 3326 adeo
482 3263 718 3327 incommodum
739 3284 797 3326 nos
827 3262 991 3344 fecimus⁵,
1015 3262 1069 3325 sed
1096 3261 1261 3344 paululum
1291 3262 1416 3346 pluviae

278 3366 399 3448 aspersi
414 3387 532 3428 sumus.
562 3364 624 3429 sed
639 3365 824 3448 priusquam
847 3364 887 3426 ad
903 3363 1030 3426 villam6
1051 3364 1207 3445 venimus,
1231 3365 1417 3447 Anagniam

280 3466 472 3530 devertimus
488 3466 574 3529 mille
588 3466 656 3528 fere
671 3487 783 3547 passus
800 3488 819 3527 a
834 3464 895 3527 via.
920 3463 1043 3526 Deinde
1058 3463 1091 3526 id
1107 3464 1259 3546 oppidum
1275 3466 1418 3528 1111111111

278 3567 429 3649 vidimus,
464 3566 658 3630 minutulum
685 3565 813 3649 quidem
846 3566 901 3628 sed
928 3561 1239 3628 11111111111111
1269 3567 1417 3647 antiquas

277 3668 385 3750 habet,
411 3668 503 3730 aedes
527 3670 716 3751 sanctasque
741 3667 968 3731 1111111111117
997 3688 1093 3754 supra
1119 3667 1257 3730 modum.
1301 3665 1417 3730 Nullus

241 3771 246 3778 ’
280 3769 416 3853 angulus
438 3769 511 3850 fuit,
541 3768 597 3831 ubi
620 3767 786 3831 delubrum
808 3772 865 3831 aut
885 3769 998 3831 fanum
1021 3770 1077 3830 aut
1098 3767 1254 3850 templum
1276 3770 1415 3831 nonsit.

363 3974 430 4023 ala
448 3976 572 4038 marpine:
599 3974 639 4024 sn
657 3982 746 4025 orator
765 3970 857 4025 audax
878 3972 907 4023 et
924 3971 1073 4024 verborum
1090 3969 1272 4023 translatione
1289 3986 1417 4039 progres-

278 4071 330 4121 sus,
349 4054 398 4107 sed
416 4071 433 4107 a
450 4054 629 4122 significando
648 4054 723 4122 quod
740 4055 798 4109 volt
816 4054 909 4122 eloqui
926 4071 1063 4121 nusquam
1082 4053 1263 4121 digrediatur.

363 4232 376 4278 1
395 4223 495 4294 Incipit
514 4223 580 4277 Cod.
599 4224 662 4278 Vat.
681 4242 708 4292 p.
724 4230 780 4277 150.

363 4308 464 4363 acod.
487 4309 630 4363 mendose:
656 4328 735 4377 super
755 4314 849 4377 nequir.
894 4305 1019 4360 Correxit
1040 4306 1136 4361 Maius.
1177 4306 1328 4364 Praeterea
1349 4307 1417 4364 Ecb-

278 4393 392 4449 steinius
410 4393 562 4447 rectissime
586 4392 876 4461 vidit-interpolatum
898 4409 957 4445 esse
978 4412 1054 4460 posse
1080 4392 1108 4444 in
1132 4392 1224 4445 verbis
1246 4415 1319 4463 quum
1340 4415 1417 4462 posse

275 4485 406 4549 suspendi.

362 4562 462 4618 3Cod.
481 4580 522 4631 pr.
543 4581 578 4615 m.
599 4582 685 4615 aare.

361 4655 377 4700 4
394 4646 495 4715 Incipit
513 4645 578 4699 Cod.
598 4646 687 4700 Vatia.
706 4664 733 4715 p.
749 4652 796 4700 149
814 4646 889 4699 lectu
907 4646 1034 4700 difficilis.

362 4739 377 4785 5
397 4730 501 4784 Codex:
520 4751 570 4786 non
584 4736 698 4796 secianus.
736 4729 862 4784 Correxit
879 4731 1060 4784 llolrsteinius.

362 4821 377 4868 6
396 4813 548 4882 Signinum,
566 4817 597 4867 ut
613 4813 687 4867 infra
705 4816 887 4883 cognoscitur.
924 4819 1019 4869 Maius.

362 4904 376 4954 7
397 4897 501 4952 Codex:
520 4904 681 4955 cueriruouiu.
