3300 6050
137 873 140 885 ι
249 846 308 910 1¹50
453 843 488 895 M.
504 840 673 895 CORNELII
690 839 898 894 FRCNTCNIS
916 839 1171 894 EPISTULARUM

330 1014 419 1076 Haec
447 1013 482 1074 in
505 1032 557 1074 eos
579 1010 689 1074 fabula
718 1011 886 1094 competit,
915 1013 968 1094 qui
996 1011 1086 1074 nulla
1113 1011 1220 1075 indole
1249 1013 1385 1095 praediti

213 1124 216 1130 '
247 1114 462 1199 eloquentiam
484 1113 690 1195 desperantes
712 1112 869 1195 fugitant.

331 1215 414 1297 Tibi,
439 1214 566 1295 Caesar,
591 1215 627 1275 ut
650 1213 700 1276 cui
722 1214 871 1295 maxime,
896 1214 1031 1277 sublime
1047 1218 1079 1278 et
1094 1215 1254 1292 excelsum
1269 1217 1302 1278 et
1322 1237 1386 1276 am-

246 1317 388 1400 plificum
417 1313 585 1398 ingenium
608 1315 648 1377 ab
671 1314 719 1376 dis
742 1314 853 1378 datum
876 1317 934 1378 est.
979 1314 1064 1378 Nam
1086 1317 1181 1398 primi
1204 1317 1252 1380 tui
1275 1338 1386 1378 sensus

247 1422 279 1482 et
300 1417 495 1482 incunabula
518 1415 695 1478 studiorum
718 1418 845 1478 tuorum
868 1415 947 1478 mihi
971 1416 1102 1499 cogmta
1124 1419 1210 1480 sunt.

331 1518 504 1583 Eluoebatl
529 1516 593 1579 iam
620 1519 697 1580 tuno
726 1517 878 1579 nobilitas
900 1517 1017 1580 mentis
1041 1520 1073 1579 et
1095 1518 1237 1602 dignitas
1260 1522 1387 1582 senten-

246 1621 380 1702 tiarum,
410 1619 525 1702 quibus
553 1617 620 1681 sola
649 1668 656 1680 .
682 1667 687 1679 .
714 1667 721 1680 .
748 1618 776 1680 .²
798 1617 932 1681 deerant
958 1618 1127 1682 verborum
1156 1620 1313 1684 luminafl:
1351 1642 1388 1682 ea
1483 1695 1489 1715 ι

247 1743 371 1805 quoque
395 1721 489 1784 variis
513 1718 794 1782 exercitationibus
816 1719 1065 1783 instruebamus.

331 1822 401 1885 Ibi³
423 1825 457 1885 tu
480 1820 559 1884 mihi
582 1820 688 1883 videre
710 1818 812 1906 merla
834 1823 959 1903 tempor
981 1819 1056 1906 lali4
1086 1824 1119 1884 et
1140 1821 1258 1885 laboris
1280 1822 1386 1885 taedio

248 1924 390 1987 defessus
417 1923 614 2006 eloquentiae
643 1921 782 1985 studium
804 1920 985 2004 reliquisse,
1016 1921 1055 1984 ad
1078 1921 1313 2006 philosophiam
1336 1923 1386 1986 de·
1488 1922 1490 1925 ’

249 2025 392 2105 vertisse,
416 2023 471 2087 ubi
493 2023 617 2086 nullum
639 2021 858 2105 prohoemium
874 2045 945 2086 cum
961 2044 1038 2085 cura
1053 2024 1276 2105 excolendum,
1299 2023 1389 2086 nulla

248 2125 391 2189 narratio
413 2124 553 2188 breviter
575 2126 607 2187 et
621 2123 757 2187 dilucide
773 2127 805 2186 et
821 2123 935 2187 callide
957 2124 1142 2206 collocata5,
1166 2125 1274 2188 nullae
1296 2147 1389 2207 quae-

249 2227 369 2289 stiones
391 2226 596 2309 partiendae,
627 2224 717 2288 nulla
739 2226 931 2308 argumenta
958 2229 1155 2308 quaerenda,
1184 2226 1267 2290 nihil
1295 2248 1389 2310 anag.

249 2327 1388 2411 geranduml’......................'...l⁶..

251 2478 258 2491 .
285 2479 291 2492 .
318 2478 325 2492 .
349 2428 498 2492 mutilum
519 2427 688 2511 perficere,
712 2426 855 2490 hiulcum
876 2427 970 2490 fartis
992 2428 1104 2511 iugare
1128 2477 1158 2491 ..
1160 2477 1273 2491 .....
1310 2429 1390 2493 Con-

250 2530 371 2593 siliario
393 2529 468 2592 huic
491 2528 595 2612 magis
618 2528 718 2591 aetati
740 2549 819 2611 opus
848 2531 898 2591 est
919 2550 1014 2611 quarn
1037 2528 1203 2593 auxiliario
1229 2579 1370 2594 .....
1379 2531 1390 2567 ⁷

250 2653 302 2694 ma
327 2680 501 2693 ......
527 2650 658 2693 cumea
682 2679 688 2691 .
715 2679 722 2692 .
748 2678 755 2692 .
784 2679 790 2691 .
815 2650 848 2692 es
878 2678 885 2692 .
911 2679 918 2691 .
945 2679 951 2692 .
982 2629 1092 2712 rigare
1117 2679 1390 2695 .........

252 2779 594 2796 ...........
606 2729 663 2815 1⁸.
689 2781 696 2794 .
747 2729 864 2793 Nonne
892 2729 996 2793 omnis
1018 2732 1180 2794 oratorum
1208 2732 1315 2814 copias
1345 2754 1392 2794 se-

252 2831 417 2914 ctabarel,
441 2832 603 2895 refutandi
626 2831 815 2913 sollertiam,
845 2831 983 2915 augendi
1006 2832 1210 2915 facultatem,
1245 2833 1391 2896 eludendi

252 2937 469 3015 venustatem,
503 2932 709 3016 permovendi
732 2933 989 3016 delectandique,
1021 2933 1201 2997 deterrendi
1219 2935 1392 3018 ⁴incitandi-

252 3058 328 3119 que,
352 3035 498 3118 ornandi,
524 3034 726 3115 conciliandi,
750 3034 1017 3117 inflammanuiw,
1041 3035 1169 3099 laxandi
1194 3036 1392 3100 audientium

168 3151 175 3162 ’
252 3137 387 3219 animos
412 3139 468 3199 aut
490 3137 662 3219 alliciendi,
686 3138 809 3199 rectam
831 3137 991 3220 quandam
1007 3136 1041 3200 in
1059 3137 1192 3201 dicendo
1214 3138 1393 3220 potentiam

253 3261 290 3303 ae
311 3238 527 3323 potestatem?
965 3237 967 3239 ’

338 3460 355 3495 a
372 3445 406 3493 In
430 3447 556 3509 rnarpine:
590 3440 726 3495 Elucebat
754 3439 783 3493 in
811 3457 899 3509 puero
924 3440 981 3494 iam
1007 3472 1040 3478 —
1066 3442 1166 3507 quibus
1193 3442 1253 3495 sola
1279 3442 1395 3496 deerant

253 3526 329 3581 verb.
349 3527 414 3578 lum.
811 3580 814 3587 ,
1083 3516 1085 3519 ’
1310 3520 1316 3529 ’

338 3610 357 3662 b
376 3613 410 3663 Ia
427 3614 554 3678 morpine:
571 3608 768 3662 Prohoemium
786 3609 899 3676 aliquod
918 3610 1140 3677 excogitandum,
1158 3611 1282 3677 narratio
1294 3610 1394 3677 breviS,

253 3693 357 3759 lucida,
376 3692 489 3759 callida,
508 3691 686 3760 quaestiones
703 3693 884 3763 partiendae,
903 3695 1069 3761 argumenta
1088 3695 1257 3762 quaerenda,
1277 3712 1395 3763 exagge-

255 3778 380 3832 randum.

341 3956 354 4002 1
374 3947 453 4013 Quod
471 3948 560 4002 Maius
580 3947 659 4001 addit
676 3955 702 3999 in
716 3967 809 4015 puero,
828 3948 857 4000 in
875 3948 954 4001 textu
972 3963 1028 4000 non
1045 3947 1156 4015 legitur.

340 4039 355 4086 2
375 4031 512 4097 Quattuor
533 4031 642 4085 litteras
660 4030 749 4084 Maius
767 4049 880 4100 prorsus
903 4031 1008 4097 omisit,
1031 4049 1121 4099 neque
1144 4050 1197 4100 ego
1218 4033 1298 4102 potui
1316 4050 1396 4102 expe-

257 4117 329 4171 dire:
348 4117 443 4170 TUIU.
480 4114 591 4169 Amicus
609 4116 712 4169 diserte
730 4116 848 4178 adnotat
865 4131 921 4170 non
939 4132 998 4169 esse
1017 4127 1084 4170 trane.

340 4209 356 4255 3
373 4200 492 4267 Reliqua
508 4199 538 4252 in
554 4200 608 4260 hac
624 4200 730 4268 pagina
747 4200 792 4253 vix
810 4188 956 4270 apparent.

342 4292 358 4339 4
375 4284 418 4337 An
436 4283 509 4337 forto
531 4303 623 4337 morem
640 4289 750 4337 imitatus
767 4290 870 4338 saeculi.
906 4289 1081 4352 Her‘ndorfius.

342 4370 405 4423 512.
424 4363 581 4423 eolloea‘nda.
619 4372 777 4422 Niebuhrius.

342 4461 357 4507 6
375 4454 476 4522 Incipit
495 4452 560 4507 Cod.
580 4471 607 4522 p.
621 4459 683 4519 3783
700 4453 820 4506 intentu
833 4453 916 4508 hodie
933 4454 1002 4507 nihil
1020 4455 1208 4523 distinguitur,
1225 4455 1314 4509 Maius
1329 4456 1397 4509 vidit

258 4538 380 4606 quinque
397 4539 492 4592 verba.
529 4535 673 4592 Sententia
691 4554 762 4605 quae
780 4538 905 4604 sequitur
922 4538 1023 4605 legitur
1041 4540 1069 4592 in
1086 4540 1221 4607 margine.

343 4630 358 4677 7
375 4624 407 4675 In
425 4623 481 4675 imo
501 4624 636 4689 margine.

343 4713 358 4759 8
376 4705 477 4774 Incipit
494 4705 559 4760 Cod.
583 4724 610 4775 p.
630 4713 687 4761 377.

343 4798 358 4844 9
378 4790 482 4844 Codex:
501 4802 638 4845 secrevere.
676 4789 802 4843 Correxit
819 4790 995 4843 Niebuhrius.

328 4882 359 4928 10
377 4874 481 4929 Codex:
504 4879 652 4941 infamandi.
688 4873 814 4929 Correxit
831 4873 1007 4927 Niebuhrius.
