3300 6050
275 862 335 924 192
483 859 520 912 Μ.
533 858 703 914 CORNELII
720 858 929 947 FRONTONIS
946 859 1202 915 EPISTULARUM

275 1030 381 1111 ....l¹
401 1051 497 1097 eram.
522 1029 769 1093 Demonstratus
788 1034 837 1094 est
857 1030 937 1093 mihi
957 1031 994 1093 a²
1012 1030 1114 1095 doctis
1133 1035 1166 1094 et
1180 1032 1317 1094 multum
1334 1032 1411 1094 mihi

271 1131 482 1194 familiaribus
504 1131 596 1214 viris,
627 1154 761 1215 quorum
784 1133 868 1215 apud
890 1154 941 1195 me
963 1132 1111 1196 voluntas
1134 1134 1276 1215 ipsorum
1297 1134 1413 1196 merito

271 1233 356 1296 valet
377 1233 559 1315 plurimum.
605 1233 719 1316 igitur,
744 1234 844 1296 sime
867 1256 970 1316 amas,
993 1236 1122 1298 tantum
1143 1234 1336 1298 Volumnio³
1357 1236 1413 1297 tri-

271 1335 332 1397 bue
360 1333 490 1398 honoris
518 1335 746 1418 facultatisque
775 1336 936 1399 amicitiae
963 1338 1038 1399 tuae
1070 1336 1344 1419 complectendae:
1382 1339 1413 1401 οἱ

270 1438 331 1515 γὰρ
347 1436 493 1517 φίλτατοι
510 1436 625 1516 ἄνδρες
641 1437 893 1500 conciliaverunt
916 1458 988 1500 eum
1003 1438 1093 1501 mihi.
1124 1438 1231 1521 Igitur
1246 1442 1313 1500 tam
1330 1439 1411 1501 comi

272 1536 414 1600 amicitia
430 1538 568 1621 accipias
583 1538 689 1621 velim,
713 1560 809 1622 quarn
831 1538 885 1602 ille
901 1536 1151 1627 Melnoletliadi]
1175 1540 1335 1621 volebat4,
1352 1547 1412 1606 Ζω-

271 1640 406 1718 ρότερον
428 1642 464 1704 δὲ
486 1641 611 1719 κέραιρε
633 1662 729 1723 quom
750 1640 942 1724 imperabat.

589 1859 672 1925 VII.
717 1857 843 1947 (Arrio
865 1857 1093 1944 Antonium.)

354 1995 445 2061 Have
467 1996 510 2059 mi
534 1996 660 2059 domine
682 1997 728 2059 fili
752 1996 925 2059 carissime.
972 1995 1064 2060 Sicut
1087 2018 1140 2060 eos
1167 1999 1222 2080 qui
1250 1998 1336 2060 dicta
1364 1998 1412 2060 fa-

271 2102 384 2183 ctaque
405 2101 463 2161 tua
486 2097 739 2161 administranda
762 2097 928 2181 provincia
949 2099 1096 2161 maximis
1119 2098 1267 2162 laudibus
1289 2099 1409 2181 ferunt,

270 2201 372 2264 laetus
396 2222 433 2263 ac
454 2200 558 2262 libens
581 2200 685 2281 audio,
709 2200 755 2262 ita
778 2199 878 2282 siquis
893 2199 969 2282 quid
984 2203 1197 2263 remurmurat
1213 2205 1269 2263 aut
1282 2201 1411 2283 deprae-

271 2306 371 2385 catur,
395 2302 496 2364 multo
520 2301 734 2384 scmpulosius
758 2301 932 2383 auscultoss,
957 2303 992 2363 61
1006 2323 1068 2384 quo
1084 2302 1219 2385 quicque
1234 2303 1327 2365 modo
1343 2324 1412 2386 ges-

270 2405 348 2468 seris
371 2407 427 2467 aut
448 2402 637 2466 indicaveris
659 2403 795 2486 requiro,
820 2403 926 2486 utqui
949 2403 1179 2467 existimationi
1194 2407 1270 2466 tuac
1292 2404 1411 2467 famae-

269 2528 330 2590 que
352 2506 443 2569 iuxta
465 2527 560 2587 quam
587 2527 676 2568 meae
701 2503 882 2568 consultum
905 2504 1041 2587 cupiam.

353 2606 544 2671 Volmnnius
568 2604 705 2670 Serenus
734 2605 994 2687 Concordiensis,
1024 2606 1052 2668 si
1074 2606 1156 2669 nihil
1184 2608 1218 2670 in
1241 2607 1296 2688 iis,
1331 2628 1412 2690 quae

270 2709 353 2792 apud
372 2730 423 2771 me
439 2711 728 2771 commemoramnt
736 2707 757 2790 ⁷,
783 2707 1095 2770 111611161111111119
1112 2712 1167 2771 aut
1188 2708 1319 2789 addidit,
1343 2694 1412 2770 iure

270 2811 446 2893 meritoque
478 2812 588 2872 utetur
620 2830 671 2871 me
705 2808 789 2892 apud
821 2812 854 2871 16
886 2809 937 2872 vel
969 2812 1105 2893 patrono
1133 2809 1183 2873 vel
1215 2812 1410 2892 praecatore.

270 2912 388 2987 Quodsi
404 2911 488 2974 ultra
504 2910 659 2994 epistulae
674 2910 802 2973 modum
817 2911 948 2974 videbor
961 2933 1161 2995 progressus,
1186 2933 1222 2974 eo
1239 2910 1412 2993 evenietl¹⁰

356 3134 373 3170 a
391 3120 424 3169 Io
441 3121 566 3184 marpine:
584 3114 712 3181 Veritati,
730 3130 813 3169 verae
831 3112 880 3168 rei.

269 3305 353 3375 pridii
374 3306 443 3357 loco.
480 3302 560 3356 Nunc
585 3302 711 3355 violemus
739 3318 802 3355 eum
819 3301 904 3355 fuisse
921 3300 1056 3356 Venetiae
1076 3301 1245 3371 praesidem;
1272 3301 1325 3354 nisi
1352 3301 1413 3369 quis

270 3390 376 3444 mavult
394 3389 428 3442 de
447 3386 601 3441 Concordia
618 3386 770 3455 Hispaniae
794 3386 918 3454 cogitare
937 3389 986 3440 aut
1002 3386 1163 3440 Lusitaniae
1185 3388 1234 3440 aut
1255 3386 1412 3440 Nemetum.

270 3480 364 3530 Maius.
400 3474 484 3527 Plura
502 3472 577 3541 apud
594 3470 777 3525 Niebuhrium
794 3488 822 3539 p.
842 3477 900 3524 217.
1364 3528 1366 3532 Ι

357 3568 369 3613 1
388 3558 496 3613 Desunt
512 3555 541 3609 in
560 3554 660 3609 Codice
673 3556 743 3609 duae
761 3555 895 3624 paginam
914 3557 1039 3624 sequitur
1055 3575 1083 3625 p.
1097 3560 1155 3622 288,
1174 3572 1245 3623 quae
1257 3558 1319 3610 tota
1332 3572 1413 3609 erasa

271 3646 325 3710 est;
342 3642 440 3712 incipit
459 3641 525 3695 Cod.
543 3660 571 3710 p.
592 3646 649 3694 287.
685 3641 784 3707 Itaque
802 3638 888 3708 periit
904 3640 966 3693 finis
985 3639 1133 3709 superioris
1151 3641 1296 3710 epistulae,
1315 3640 1412 3708 quinta

271 3728 398 3799 epistula,
417 3725 493 3780 cuius
510 3724 678 3794 particulam
690 3741 775 3793 supra
792 3723 941 3778 habuimus
959 3725 988 3777 in
1006 3724 1078 3778 foliis
1096 3724 1133 3778 ad
1150 3724 1238 3793 Pium,
1256 3726 1285 3778 et
1302 3723 1412 3776 initium

269 3814 350 3867 huius
369 3813 472 3866 sextae.
509 3810 635 3864 Sumtam
654 3825 713 3863 esse
729 3808 941 3878 inscriptionem
959 3827 1021 3863 cum
1039 3808 1136 3878 primis
1154 3808 1247 3863 verbis
1266 3826 1299 3862 ex
1310 3807 1412 3872 Indice,

271 3900 396 3968 apparet.

355 3990 370 4036 2
388 3982 478 4036 Maius
496 3997 644 4050 perperam
661 3978 732 4047 legit
750 3984 791 4033 ad.

355 4066 516 4134 3Intellige
538 4065 617 4118 illum
637 4063 828 4131 Volumnium,
855 4062 966 4131 dequo
989 4063 1119 4119 scribitur
1142 4080 1259 4132 sequens
1284 4063 1410 4133 epistola.

272 4156 365 4205 Mor'mr.
401 4150 514 4203 Dubito.
552 4153 711 4204 Niebulrm’us.

355 4242 372 4290 4
391 4235 444 4287 Pro
462 4238 561 4289 volebat
579 4238 745 4291 Menoetiadz’.
782 4239 876 4289 Maius.

355 4327 371 4375 5
388 4320 475 4374 Deest
490 4318 635 4387 inscriptio
653 4318 682 4371 in
700 4318 809 4386 Codice,
827 4334 879 4372 nec
896 4318 1017 4387 spatium
1035 4321 1086 4374 est.
1111 4319 1153 4373 De
1166 4336 1248 4373 causa
1266 4335 1337 4387 quae
1355 4318 1413 4386 agi-

271 4408 316 4459 tur
335 4405 446 4459 omnino
465 4404 607 4459 adeundus
627 4409 668 4458 est
685 4403 860 4458 Niebuhrius.

356 4496 371 4543 6
390 4488 455 4544 (lod.
474 4507 516 4558 pr.
535 4508 572 4542 m.
592 4496 724 4543 uocemue.
762 4486 807 4542 Sic
825 4490 854 4542 61
870 4487 944 4541 infra
961 4487 990 4540 in
1007 4489 1119 4542 Arione.

357 4581 371 4627 7
390 4573 456 4628 (lod.
470 4586 692 4629 commemorarunt
709 4573 846 4627 incertum
864 4590 900 4626 an
917 4580 1141 4628 commemorarint,
1170 4573 1301 4626 Fortasse
1319 4573 1412 4641 legen·

273 4658 338 4713 dum
356 4661 412 4714 est:
431 4666 636 4717 commemorarit.

357 4743 457 4797 SCOd.
477 4765 513 4799 re.

357 4826 449 4883 9Sor.
469 4836 568 4884 dearsit.
603 4832 777 4895 Heindorfius.

341 4919 373 4967 10
390 4912 493 4983 Incipit
510 4913 576 4968 (lod.
596 4929 623 4982 p.
643 4917 703 4967 290.
725 4987 728 4994 p
