3300 6050
607 872 654 926 DE
672 873 817 927 NEPOTE
835 871 975 926 Amisso.
1297 872 1362 937 235

272 1088 275 1092 ι
305 1046 357 1109 Μ1
374 1048 480 1108 autem
497 1044 679 1109 consolatur
701 1048 788 1108 aetas
811 1065 883 1107 mea
897 1065 996 1127 prope
1012 1045 1076 1106 iam
1091 1042 1197 1106 edita¹
1219 1045 1252 1105 et
1266 1043 1362 1105 morti

220 1148 376 1232 proxima.
405 1145 492 1221 Quae
516 1168 588 1209 oum
610 1146 723 1228 aderit,
747 1145 774 1209 si
796 1145 911 1227 noctis,
936 1146 963 1209 si
984 1146 1065 1209 luc-is
1087 1146 1119 1208 id
1141 1148 1267 1228 tempus
1290 1146 1361 1227 1111,

222 1251 345 1314 eaelum
367 1249 495 1332 quidem
523 1246 729 1311 consalutabo
758 1247 925 1311 discedens
954 1251 987 1310 11
1009 1270 1090 1331 quae
1112 1247 1192 1310 mihi
1216 1247 1361 1312 conscius

221 1375 291 1414 sum
313 1351 537 1434 protestabor.

307 1452 416 1516 ³Nihil
438 1452 473 1515 in
494 1451 592 1535 longo
614 1452 699 1514 vitae
714 1473 803 1515 meae
819 1451 924 1533 spatio
941 1473 1024 1514 ame
1041 1451 1257 1536 admissuml2,
1280 1452 1363 1535 quod

222 1554 368 1619 dedecori
401 1556 457 1617 aut
488 1553 604 1636 probro
639 1556 695 1616 aut
728 1552 852 1636 flagitio
887 1553 989 1616 foret:
1025 1553 1151 1617 nullum
1186 1554 1221 1616 in
1258 1557 1363 1617 aetate

223 1656 351 1741 agunda
380 1677 526 1736 avarum,
569 1653 692 1716 nullum
719 1654 876 1736 perfidum
904 1653 1031 1717 facinus
1063 1675 1170 1717 meum
1203 1655 1374 1742 1111111111,
1486 1646 1490 1652 ’

223 1760 397 1841 contraque
430 1755 531 1819 multa
564 1755 754 1838 liberaliter,
789 1756 891 1819 multa
925 1756 1042 1839 amice,
1078 1757 1181 1822 multa
1215 1756 1362 1839 fideliter,
1476 1831 1478 1835 ι

222 1860 323 1923 multa
346 1860 540 1939 constanter,
571 1879 665 1940 saepe
688 1858 786 1921 etiam
809 1880 881 1920 oum
903 1857 1044 1941 periculo
1068 1857 1183 1940 capitis
1206 1859 1363 1922 consulta.

195 1990 197 1995 ·
223 1960 303 2026 Cum
329 1954 448 2023 fratre³
476 1958 596 2041 optimo
626 1959 870 2022 concordissime
898 1960 980 2042 vixi,
1014 1980 1107 2042 quem
1134 1960 1237 2042 patris
1267 1962 1364 2023 vestri

223 2062 366 2126 bonitate
390 2081 528 2124 summos
555 2059 691 2124 honores
717 2061 868 2144 adeptum
890 2062 1025 2145 gaude0,
1054 2064 1161 2124 vestra
1188 2082 1264 2124 vero
1287 2062 1364 2124 ami-

224 2165 300 2228 citia
322 2163 400 2227 satis
423 2162 565 2246 quietum
587 2165 620 2226 et
640 2162 777 2225 multum
799 2184 947 2226 securum
968 2163 1069 2227 video.
1104 2162 1262 2245 Honores,
1286 2186 1364 2249 quos
1394 2239 1399 2248 .

223 2266 291 2348 ipse
320 2264 453 2347 adeptus
482 2286 567 2346 sum,
602 2286 777 2347 numquam
804 2265 949 2347 inprobis
977 2264 1156 2327 rationibus
1184 2266 1363 2348 concupivi.

223 2367 341 2431 Animo
368 2366 474 2450 potius
507 2387 602 2449 quam
636 2367 760 2448 corpori
790 2366 930 2430 curando
958 2388 1088 2449 operam
1123 2366 1206 2430 dedi.
1252 2366 1364 2431 Studia

224 2469 388 2532 doetrinae
410 2467 457 2530 rei
479 2466 632 2530 familiari
654 2489 743 2531 meae
768 2468 917 2551 praetuli.
953 2467 1151 2551 Pauperem⁴
1173 2468 1245 2531 meb
1268 2491 1365 2552 quam

223 2592 283 2653 ope
300 2569 486 2653 cuiusquam
502 2569 661 2652 adiutum,
685 2572 847 2652 postremo
870 2572 983 2653 cgere⁵
1006 2591 1101 2653 quam
1123 2591 1253 2652 poscere
1275 2592 1365 2634 man-

223 2671 298 2734 1116.
338 2669 472 2753 Sumptu
499 2693 674 2755 numquam
695 2672 830 2756 prodigo
852 2672 918 2755 fui,
943 2671 1095 2755 quaestu⁷
1119 2671 1281 2735 interdum
1308 2659 1365 2736 ness

225 2773 390 2837 cessari00.
435 2771 556 2836 Verum
578 2773 644 2837 dixi
667 2773 786 2856 sedulo,
810 2795 921 2837 verum
949 2773 1055 2836 audivi
1078 2772 1225 2837 libenter.
1254 2773 1365 2837 Potius

224 2867 298 2937 durii
320 2874 451 2958 neglegi
473 2896 568 2957 quam
590 2875 744 2957 blandiri,
768 2878 875 2939 tacere
898 2898 993 2959 quam
1015 2875 1153 2958 fingere,
1180 2875 1366 2958 infrequens

225 2977 345 3039 amicus
375 2996 443 3039 esse
471 2997 567 3059 quam
593 2976 744 3060 frequens
773 2976 987 3041 adsentatorss.
1033 2975 1141 3040 Pauca
1169 2977 1263 3061 petii,
1299 2999 1365 3042 non

224 3099 327 3160 pauca
361 3078 494 3140 11111111.
540 3076 629 3152 Quod
660 3077 772 3160 cuique
800 3079 902 3161 potui,
940 3100 998 3161 pro
1032 3079 1123 3160 copia
1158 3079 1363 3142 commodavi.

225 3178 422 3242 Merentibus
445 3178 612 3262 promtius,
635 3179 877 3242 immerentibus
900 3179 1050 3243 audacius
1072 3199 1166 3261 opem
1187 3178 1257 3242 tuli.
1303 3179 1365 3243 Ne-

310 3399 327 3436 a
344 3386 379 3435 In
396 3387 522 3450 margine:
543 3380 641 3435 Virum
659 3381 764 3433 bonurn
782 3382 893 3449 qualem
911 3397 972 3435 esse
990 3381 1110 3449 oportet.
1147 3379 1240 3445 Qualis
1261 3381 1365 3434 Fronto

225 3466 316 3521 fuerit.
336 3467 390 3534 (Ita
406 3464 503 3520 Maius.
542 3465 635 3520 Codex
651 3465 731 3520 nobis
751 3466 841 3521 dedit:
861 3469 947 3531 Qualis
965 3510 971 3523 .
991 3503 998 3519 .
1016 3486 1040 3518 n.
1059 3466 1165 3532 serent).

309 3552 328 3605 b
347 3554 380 3603 In
397 3556 525 3619 marpine:
542 3549 621 3603 Mire.

310 3640 376 3689 oln
393 3641 517 3703 marpine:
535 3634 627 3702 Egere
646 3651 729 3701 quam
746 3651 861 3704 poscere
879 3634 971 3689 malui.
1009 3634 1128 3703 Sumptu
1145 3650 1287 3701 nunquam
1304 3651 1366 3703 pro-

226 3719 306 3788 digus
323 3718 374 3785 fui3
394 3736 419 3787 q.
439 3718 456 3773 i.
476 3736 503 3772 n.

246 3788 249 3801 ⁴
310 3805 328 3857 d
346 3808 379 3857 In
397 3809 522 3873 margine:
545 3804 639 3858 Pauca
655 3822 682 3873 p.
703 3822 728 3858 n.
748 3823 776 3874 p.
795 3804 893 3858 merui.

310 3996 323 4043 1
342 3992 363 4044 I.
386 4007 409 4044 e.
432 4002 534 4044 coacta.
570 3990 647 4045 Conf.
671 3990 741 4044 Gell.
763 3991 811 4045 ΠΙ.
837 3996 868 4045 15
894 3990 1021 4060 Appulei.
1041 3991 1075 4045 de
1101 3990 1160 4045 Deo
1184 3989 1258 4044 Soer.
1287 4009 1314 4059 p.
1333 3996 1366 4045 50

225 4075 294 4130 Elm.
316 4074 370 4129 Cic.
391 4075 425 4128 de
442 4074 501 4129 rin.
521 4080 545 4129 5.
564 4082 587 4129 2.
624 4080 799 4144 Heindorfius.

310 4166 325 4212 2
343 4157 444 4228 Incipit
462 4158 527 4213 Cod.
547 4177 574 4227 p.
595 4164 652 4213 182.

310 4251 325 4298 3
344 4243 424 4297 Cod:
444 4246 521 4307 Quom
535 4248 630 4310 frater.

310 4335 326 4381 4
344 4327 425 4381 Dicta
441 4328 511 4381 haec
529 4344 546 4381 1
563 4327 703 4381 Frontone
726 4328 760 4381 de
782 4328 830 4381 illo
852 4330 978 4398 tempore
1000 4330 1134 4400 intellige,
1157 4348 1219 4384 cum
1242 4330 1366 4383 nondum

226 4414 321 4467 rhetor
332 4413 439 4466 Romae
450 4410 631 4465 inclaruisset.
662 4412 770 4477 Postea,
790 4414 820 4466 ut
832 4414 928 4467 statim
939 4414 998 4483 ipse
1011 4415 1092 4480 dicet,
1111 4434 1161 4469 non
1171 4434 1256 4481 pauca
1267 4420 1364 4479 meruit,

225 4499 256 4551 ut
275 4498 322 4566 qui
340 4496 446 4550 balneis
463 4494 541 4549 novis
558 4494 704 4548 moliendis
726 4496 813 4549 multo
837 4498 899 4566 plus
922 4514 1006 4565 quam
1027 4499 1154 4552 trecenta
1177 4497 1305 4553 sestertia
1325 4498 1365 4550 in-

225 4599 333 4636 sumere
351 4582 451 4650 posset.
487 4585 583 4634 Heind.

310 4672 325 4721 5
342 4665 432 4720 Maius
449 4680 597 4734 perperam
614 4664 767 4733 interponit
778 4685 824 4720 me.

310 4758 325 4805 6
343 4752 387 4805 Ita
405 4750 504 4804 Codex.

311 4842 326 4890 7
346 4835 450 4889 Codex:
470 4840 592 4905 quaestui.
610 4865 643 4873 -
660 4833 748 4888 Immo
768 4845 883 4904 quaestu.
918 4839 1092 4903 Heindorfluc.

310 4924 326 4971 8
344 4917 424 4973 cod:
443 4924 589 4973 adrenator.
626 4916 701 4974 Corr.
720 4918 817 4975 Maius.
