3300 6050
249 804 312 868 232
593 800 629 852 Μ.
649 799 817 853 CORNELII
841 797 1048 853 FRONTONIS

250 977 385 1056 possunt
417 974 457 1036 ab
490 971 555 1036 ullo
589 971 786 1055 contingere.
833 970 906 1034 Mea
938 993 1036 1034 manu
1064 991 1129 1034 non
1158 970 1291 1053 scribsi,
1320 971 1403 1056 quia

250 1076 374 1159 vesperi
397 1076 463 1139 loto
485 1074 645 1138 tremebat
671 1072 768 1137 etiam
796 1072 940 1137 manus¹.
985 1071 1067 1137 Vale
1094 1072 1137 1135 mi
1163 1071 1402 1137 iucundissime

250 1178 416 1262 magister.

495 1344 549 1411 Il.
585 1343 766 1412 Antonino
789 1342 952 1426 Augusto
977 1343 1156 1424 t²Fronto

337 1481 702 1547 11111110111110001110111·3
730 1480 927 1544 maeroribus
951 1479 1083 1543 fortuna
1109 1501 1160 1543 me
1189 1501 1246 1562 per
1267 1502 1404 1545 omnem

252 1585 352 1649 vitam
380 1605 485 1646 meam
519 1583 670 1646 exercuit.
716 1580 800 1644 Nam
834 1585 871 1645 ut
898 1580 961 1645 alia
988 1603 1060 1645 mea
1094 1581 1209 1645 acerba
1235 1580 1402 1665 omittam,

253 1685 393 1769 quinque
416 1685 508 1747 amisi
529 1684 647 1747 liberos
669 1684 849 1747 miserrima
870 1683 998 1767 quidem
1014 1683 1200 1747 condicione
1215 1685 1404 1768 temporum

253 1807 413 1850 meorum:
442 1808 518 1849 nam
546 1786 685 1870 quinque
711 1807 820 1849 omnes
843 1805 1098 1868 unumquemque
1120 1806 1245 1868 semper
1265 1785 1405 1849 unicum

256 1887 365 1969 amisi,
395 1887 453 1950 has
481 1888 629 1951 orbitatis
657 1888 742 1951 vices
764 1909 944 1971 perpessus,
973 1890 1011 1950 ut
1032 1908 1207 1969 numquam
1232 1885 1321 1949 mihi
1335 1886 1405 1951 nisi

254 1989 368 2052 orbato
390 1989 496 2053 filius⁴
519 1993 714 2053 nasceretur.
767 1987 819 2052 Ita
847 2010 971 2073 semper
999 1991 1068 2051 sine
1095 1986 1160 2050 ullo
1182 1986 1301 2051 solacio
1323 1988 1405 2053 resi·

256 2091 317 2154 duo
339 2090 457 2154 liberos
480 2091 582 2173 amisi,
608 2113 679 2154 cum
700 2091 822 2153 recenti
844 2088 934 2154 luctu
956 2089 1130 2174 procreavi.
1235 2096 1238 2104 ’

339 2191 460 2256 Verum
488 2192 559 2256 illos
591 2214 651 2277 ego
680 2192 784 2255 luctus
812 2190 946 2254 toleravi
972 2191 1098 2273 fortius,
1128 2190 1242 2274 quibus
1271 2195 1406 2275 egomet

255 2296 324 2377 ipse
346 2292 431 2357 solus
460 2294 635 2358 cruciabar.
680 2293 828 2376 Namque
856 2315 944 2356 meus
979 2293 1104 2356 animus
1133 2295 1271 2356 meomet
1297 2293 1406 2357 dolori

257 2396 414 2459 obnixus⁵
442 2396 606 2479 oppositus
635 2395 725 2478 quasi
757 2395 900 2458 solitario
924 2395 1109 2476 certamine,
1139 2416 1222 2457 unus
1244 2394 1311 2476 uni,
1342 2417 1406 2478 par

260 2498 330 2581 pari
352 2497 533 2561 resistebat.
558 2481 753 2560 1111111.
780 2545 786 2559 .
813 2545 820 2559 .
846 2496 874 2558 .⁶
890 2495 978 2559 dolor
993 2496 1124 2559 dolore.
1150 2544 1157 2558 .
1184 2495 1210 2558 .⁷
1238 2495 1266 2558 ri
1293 2495 1406 2559 multi·
1452 2480 1488 2573 “f

257 2599 395 2682 plicatur
421 2601 453 2661 01
476 2597 636 2660 cumulum
657 2597 802 2661 luctuum
829 2598 990 2660 meorum8
1012 2598 1096 2662 ferre
1124 2618 1262 2680 nequae,
1290 2596 1405 2661 Victo-

258 2700 322 2762 rini
344 2699 407 2761 mei
429 2698 570 2761 lacrimis
593 2698 733 2780 tabesco,
760 2697 971 2781 conliquesco
1005 2699 1107 2783 Saepe
1122 2681 1217 2763 etiarn
1235 2699 1406 2781 expostulo

260 2823 332 2863 cum
354 2800 403 2864 dis
425 2798 659 2862 immortalibus
682 2801 715 2862 et
735 2797 805 2862 fata
827 2799 932 2883 iurgio
955 2801 1119 2884 compello.

262 2903 265 2907 ’
343 2900 547 2965 Victorinum
574 2900 711 2984 pietate,
740 2901 1002 2986 mansuetudine,
1032 2903 1179 2985 veritate,
1214 2901 1407 2966 innocentia

259 3002 408 3086 maxima,
438 3001 580 3067 omnium
602 3001 738 3086 denique
761 3002 955 3087 optimarum
977 3004 1095 3068 artium
1122 3001 1330 3087 praecipuum
1358 3004 1406 3068 vi-

259 3127 331 3170 rum
364 3105 569 3186 acerbissima
602 3108 705 3168 morte
739 3104 785 3167 fili
819 3105 999 3169 adflictum:
1043 3106 1178 3170 hoccine
1211 3104 1276 3168 ullo
1309 3106 1406 3170 modo

261 3231 396 3292 aequum
424 3209 480 3272 aut
507 3208 628 3271 iustum
655 3206 742 3269 fuit?
786 3205 820 3270 Si
852 3206 1055 3289 providentia
1088 3228 1139 3269 res
1167 3206 1405 3291 gubernantur,

260 3312 321 3375 hoc
343 3308 495 3393 idemtl¹⁰
509 3312 596 3371 10010
618 3308 781 3391 provisum
797 3307 869 3371 est?
905 3306 939 3371 81
960 3307 1029 3371 fato
1050 3310 1167 3392 cuncta
1187 3307 1329 3371 humana
1352 3308 1406 3371 de-

262 3415 446 3493 cernuntur,
471 3409 604 3474 hoccine
626 3409 694 3472 fato
717 3408 845 3473 decerni
869 3408 1025 3473 debuitss?
1063 3406 1196 3472 Nullum
1216 3430 1293 3492 ergo
1315 3408 1407 3473 inter

262 3515 362 3576 bonos
390 3535 428 3576 ac
460 3510 561 3575 malos
589 3510 790 3574 fortunarum
823 3510 995 3574 discrimen
1023 3510 1111 3573 erit?
1154 3509 1253 3574 Nulla
1289 3509 1356 3574 deis
1368 3511 1403 3594 ¹²,

349 3758 362 3801 1
381 3749 443 3802 Duo
461 3748 598 3802 vocabula
616 3752 691 3801 etiam
708 3766 795 3800 monus
812 3745 901 3800 Maius
919 3745 1019 3801 omisit.

347 3839 362 3885 2
380 3832 481 3901 Incipit
499 3830 566 3885 Cod.
584 3849 611 3901 p.
633 3837 689 3887 150.

348 3924 363 3969 3
382 3915 520 3979 Quattuor
536 3914 645 3970 litteras
663 3914 801 3984 supplevi;
819 3915 910 3983 possis
928 3932 1038 3983 quoque
1056 3920 1128 3967 11111111
1142 3921 1251 3984 perieris.

349 4007 365 4053 4
382 4000 483 4053 Mirum
492 4006 560 4067 filius
571 4018 622 4070 pro
634 4006 707 4068 prole
719 3998 748 4052 in
760 3998 928 4063 universum,
944 4015 1011 4052 nam
1022 4014 1078 4052 non
1089 3998 1141 4052 nisi
1154 3999 1227 4054 filiae
1245 4001 1328 4054 natae
1341 4002 1409 4053 sunt

265 4082 407 4139 Frontoni.
438 4087 613 4139 Burmannus.
642 4083 705 4136 Non
723 4083 845 4149 memini,
863 4081 936 4135 unde
947 4082 978 4135 Β.
998 4082 1051 4137 hoc
1068 4083 1219 4138 resciverit.

352 4176 367 4223 5
384 4170 422 4222 At
440 4167 506 4221 Cod.
526 4185 568 4237 pr.
587 4184 623 4219 m.
648 4172 753 4233 otniae,
776 4166 852 4236 quod
868 4166 986 4221 fortasse
1003 4169 1137 4237 praestat.
1177 4167 1285 4222 Codicis
1310 4169 1406 4223 lectio-

266 4271 330 4309 nem
348 4264 435 4308 memet
453 4250 612 4306 emendavit
629 4250 775 4320 Hauptius.
912 4253 914 4255 ’
945 4248 950 4252 ’

352 4344 367 4391 6
386 4337 490 4407 81111110
507 4352 625 4391 versum.

353 4428 367 4476 7
387 4420 491 4476 Codex:
511 4412 536 4474 ,ζ
555 4418 652 4473 HCUE
670 4419 715 4486 lei,
734 4420 765 4473 ut
782 4418 901 4475 videtur.

352 4512 368 4560 8
386 4504 532 4574 Scriptura
548 4504 635 4573 fugax
651 4521 703 4558 nec
721 4504 789 4559 satis
807 4505 891 4559 certa.

353 4596 368 4644 9
386 4588 504 4643 Videtur
522 4588 552 4641 in
569 4586 670 4642 Codice
689 4587 802 4658 corrigi:
821 4594 910 4643 1010111
1008 4602 1163 4693 Μ

337 4681 369 4730 10
387 4672 487 4743 Incipit
510 4672 576 4726 Cod.
595 4689 622 4741 p.
643 4678 699 4728 loo.

337 4764 367 4812 11
386 4757 472 4811 Recta
490 4755 628 4826 supplevit
644 4756 745 4825 Maius3
764 4758 912 4828 supersunt
1002 4743 1051 4848 111

285 4858 291 4867 ·
338 4848 369 4896 12
388 4840 494 4896 Codex:
513 4846 576 4895 dies.
613 4838 740 4896 Correxit
756 4841 912 4896 Niebuhriu
1026 4857 1165 4988 W·
