3300 6050
269 881 329 944 106
478 880 514 933 M.
529 879 697 934 CORNELII
716 879 923 935 FRONTONIS
942 879 1197 937 EPISTULARUM

352 1051 378 1132 1¹
402 1101 408 1113 .
434 1102 439 1114 .
466 1101 472 1112 .
497 1051 616 1115 Atticis
638 1053 816 1136 propinque
839 1053 1004 1136 thymum²
1026 1053 1252 1137 serpillumque
1266 1054 1407 1138 hymme-

265 1153 347 1216 tium
369 1152 607 1217 ruminantibus
632 1154 707 1217 viris
731 1204 902 1218 ......
928 1225 931 1235 Ι

235 1338 240 1350 Ι
314 1340 318 1346 ἱ
351 1305 358 1318 .
384 1305 391 1318 .
416 1305 423 1318 .
449 1305 456 1318 .
480 1255 666 1339 velgraves
689 1257 948 1320 exorationibus
972 1259 1114 1320 veterum
1135 1259 1313 1322 sententias
1329 1260 1407 1322 arri-

264 1357 399 1440 peretiS,
433 1357 483 1420 vel
512 1357 619 1420 dulces
650 1379 688 1420 ex
714 1359 887 1441 poematis,
922 1359 1033 1434 velex
1055 1359 1190 1423 historia
1212 1359 1404 1446 splendidas

264 1458 314 1522 vel
337 1481 440 1523 comes
464 1481 502 1522 ex
525 1458 662 1522 comedis
673 1460 694 1543 3,
719 1461 768 1523 vel
789 1460 929 1524 urbanas
952 1482 991 1524 ex
1012 1462 1149 1545 togatis,
1178 1461 1228 1525 vel
1256 1484 1294 1526 ex
1317 1463 1405 1528 Atel-

264 1560 347 1624 lanis
368 1561 491 1645 lepidas
514 1565 546 1625 ct
568 1563 690 1626 facetas
715 1612 951 1626 ........

530 1731 604 1797 ΙΠ.
636 1732 823 1817 (Magistro
846 1732 922 1797 lleo
946 1729 1137 1816 Salutem.)

265 1917 433 1930 ......
462 1869 696 1953 exproprarum
730 1872 824 1953 atque
858 1869 1040 1951 expeditum
1073 1868 1130 1951 sit,
1165 1869 1209 1931 mi
1238 1871 1402 1955 magister,

262 1991 358 2052 quam
379 1957 436 2032 tua
460 1969 597 2033 clemens
619 1971 655 2034 in
683 1970 797 2045 officiis
827 1972 994 2034 adversum
1021 1973 1052 2033 te
1081 1971 1200 2034 nostris
1227 1972 1403 2056 interprae-

261 2071 342 2134 tatio
366 2121 373 2134 .
399 2070 528 2135 Scribo⁵
550 2072 651 2156 igitur
665 2071 804 2135 Domino
826 2093 897 2135 meo
919 2072 1082 2154 pollicenti
1106 2073 1166 2135 tibi
1189 2073 1307 2137 multas
1329 2098 1403 2138 suas

156 2170 160 2180 ’
260 2171 401 2255 litteras,
432 2174 622 2257 comperisse
648 2162 691 2238 te'
710 2197 749 2237 ex
770 2196 821 2236 me
844 2195 925 2257 quae
947 2174 1141 2238 mandavitss.
1186 2175 1268 2238 Tum
1298 2181 1404 2240 cetera

261 2275 450 2338 adfectionis
474 2256 506 2338 et
529 2276 688 2339 comitatis
710 2279 784 2339 tuae
807 2276 976 2357 subnecte,
1005 2275 1050 2338 mi
1071 2277 1241 2360 magister:
1270 2279 1403 2342 namin

260 2375 377 2439 litteris
405 2377 486 2460 tuis,
527 2381 563 2441 ut
597 2400 731 2461 aequom
759 2381 824 2461 est,
860 2377 1066 2461 adquiescit⁷.
1112 2377 1183 2461 llgo
1211 2378 1307 2442 biduo
1328 2380 1400 2464 isto,

259 2477 321 2541 nisi
345 2479 428 2562 quod
450 2480 600 2543 nocturni
624 2481 726 2544 somni
750 2480 836 2562 cepi,
867 2479 949 2542 nihil
975 2479 1136 2543 intervalli
1158 2479 1272 2544 habui:
1307 2503 1402 2564 quam

260 2580 300 2643 ob
322 2602 390 2643 rem
410 2580 553 2644 nondum
574 2582 680 2665 legere
703 2581 873 2664 epistulam
900 2581 1105 2664 prolixiorem
1125 2579 1264 2644 Domino
1286 2605 1356 2646 meo
1383 2607 1402 2646 a

259 2684 292 2745 te
314 2683 488 2770 scapramss
510 2683 616 2766 potui:
646 2684 700 2746 sed
724 2683 898 2747 crastinam
920 2682 1194 2766 opportunitatem
1217 2682 1307 2747 avide
1329 2706 1401 2767 pro-

260 2783 370 2867 spicio.
418 2783 506 2866 Vale,
530 2785 573 2847 mi
597 2785 824 2849 iucundissime
847 2784 1010 2869 magister.
1055 2783 1216 2866 Nepotem
1238 2784 1352 2848 saluta.

428 2930 440 2941 ”
545 2954 608 3020 lv.
639 2954 812 3037 Magistro
834 2955 911 3020 neo
935 2951 1109 3020 saluum.

343 3091 464 3167 uu0m⁹
493 3092 664 3156 salubritas
691 3091 774 3156 ruris
796 3092 892 3156 huius
918 3114 969 3155 mc
998 3078 1193 3173 delectaret,
1223 3091 1400 3155 sentiebam

257 3216 324 3257 non
345 3195 502 3258 mediocre
524 3194 603 3257 illud
624 3194 703 3271 mihi
726 3195 844 3277 deesse,
868 3195 916 3258 uti
939 3194 981 3280 dc
998 3196 1055 3258 tua
1078 3186 1301 3276 quoque'bona
1316 3194 1398 3257 vale-

257 3296 368 3359 tudine
392 3299 496 3360 certus
520 3318 631 3380 essem,
645 3297 700 3360 ‘mi
722 3298 886 3381 magister,
910 3296 980 3359 Ι110
996 3296 1044 3358 uti
1059 3294 1219 3378 suppleas,
1243 3296 1318 3358 deos
1333 3318 1397 3359 oro.

257 3397 438 3462 Rusticatio
460 3401 567 3462 autem
582 3403 692 3462 nostra
714 3402 791 3481 perd
813 3400 974 3464 πολιτεία(
997 3418 1125 3481 prorsus
1140 3397 1307 3480 negotium
1320 3396 1399 3459 illud

258 3503 306 3563 est
321 3500 439 3563 vitae¹¹
454 3503 594 3584 togatae.
630 3500 712 3575 Quid
728 3500 877 3584 quaeris?
899 3500 984 3562 hanc
1005 3498 1109 3581 ipsam
1131 3496 1300 3581 epistulam
1322 3520 1398 3579 pau-

255 3600 356 3664 lulum
377 3623 428 3664 me
443 3623 578 3686 porgere
593 3623 659 3664 non
675 3602 787 3666 sinunt
800 3601 960 3663 instantes
977 3600 1225 3683 curae,'quarum
1238 3599 1399 3663 vacacio¹2

342 3753 505 3822 lSequitur
528 3752 593 3806 Cod.
616 3753 711 3806 Ambr.
731 3772 758 3822 p.
772 3759 834 3819 234,
864 3768 936 3820 quae
957 3753 1019 3806 tota
1040 3750 1159 3817 interiit,
1189 3751 1302 3820 praeter
1328 3750 1397 3804 duas

255 3837 406 3893 sententias
422 3838 452 3891 in
468 3836 603 3906 margine.

340 3929 355 3976 2
373 3923 417 3976 lta
435 3921 528 3977 Codex
545 3923 577 3974 ut
593 3920 702 3975 videtur
719 3938 770 3991 per
781 3943 805 3992 p.
843 3922 932 3976 Maius
951 3926 1058 3976 illimem.

340 3993 416 4061 111
434 4005 534 4060 Codex.
1009 4073 1011 4075 ¹

338 4091 491 4144 41111111.
529 4090 659 4160 Sequitur
681 4110 714 4145 ex
732 4090 786 4146 alio
805 4090 986 4160 quaternione
1005 4089 1070 4143 Cod.
1089 4088 1180 4144 Vatia.
1198 4106 1226 4157 p.
1241 4093 1298 4154 144,
1323 4088 1397 4141 lectu

256 4174 381 4229 difficilis.
419 4173 545 4243 Quinque
562 4175 670 4230 litteras
689 4176 722 4230 dc
742 4176 899 4247 coniectura
917 4174 1020 4229 addidi.

340 4266 355 4313 5
372 4260 486 4314 Rectius
504 4261 564 4327 erit,
582 4263 613 4314 ut
631 4262 737 4331 opinor,
749 4266 846 4326 scribe.

340 4350 355 4398 6
372 4345 445 4397 Puta
463 4344 496 4398 dc
514 4345 657 4399 mittendis
675 4346 791 4400 adeum
810 4344 982 4400 orationibus
998 4345 1044 4398 vel
1063 4344 1097 4397 de
1114 4341 1261 4396 scribenda
1272 4340 1396 4396 Parthici

254 4429 321 4483 belli
338 4427 461 4483 historia.
498 4434 593 4484 Maius.

339 4520 353 4567 7
371 4515 415 4568 An
433 4519 596 4583 adquiescet?

338 4605 353 4652 8
368 4598 443 4652 ¹Puta
458 4598 536 4653 illam
553 4600 690 4669 prolixam
709 4600 856 4670 epistolam
873 4601 910 4654 ad
927 4599 1031 4654 Verum
1049 4597 1084 4652 de
1102 4593 1269 4663 eloquentia.
1298 4598 1394 4655 Maius.

338 4690 353 4738 9
372 4682 476 4736 Codex:
496 4686 581 4747 Quam.

322 4774 353 4821 10
371 4767 437 4821 (lod.
456 4786 497 4836 pr.
518 4785 554 4821 m.
573 4776 604 4825 is.

322 4858 352 4905 11
372 4851 477 4906 Codex:
497 4859 586 4916 vetrae,
605 4854 654 4908 sed
672 4854 782 4909 videtur
800 4856 963 4909 correctum.

321 4942 351 4989 12
369 4936 413 4991 Ita
431 4935 539 4991 Codex·
