3300 6050
407 841 1158 946 mwfflmfflmmmm
1322 883 1361 954 07

222 1045 1362 1145 mmmmmmwmmmmmma

221 1166 256 1228 in
278 1168 372 1249 porta
398 1187 469 1228 eum
493 1162 643 1244 eximus2,
668 1163 713 1226 ibi
736 1164 891 1246 scriptum
907 1166 976 1226 erat
998 1163 1147 1226 bifariam
1169 1163 1230 1225 sic:
1250 1170 1363 1242 flumen

221 1267 322 1332 sume³
346 1277 521 1331 sementum.
566 1263 692 1349 Rogavi
715 1264 854 1349 aliquem
877 1277 915 1327 ex
943 1264 1161 1348 popularibus,
1186 1263 1262 1346 quid
1283 1263 1364 1325 illud

221 1369 353 1433 verbum
377 1366 482 1432 esset?
504 1367 563 1429 Ait
584 1365 697 1450 lingua
712 1367 845 1430 hernica
867 1365 1050 1449 pelliculam
1063 1350 1105 1428 xde
1127 1365 1243 1447 hostia,
1267 1386 1364 1447 quam

221 1472 256 1534 in
285 1470 409 1554 apicem
437 1469 548 1531 suum4
584 1467 702 1531 flamen
737 1490 809 1532 cuin
842 1468 876 1530 in
908 1467 1022 1531 urbem
1054 1467 1195 1531 introeat
1224 1466 1362 1549 inponit.

222 1571 326 1635 Multa
348 1572 426 1634 adeo
449 1569 511 1632 alia
534 1569 701 1633 didicimus
724 1591 805 1652 quae
827 1569 980 1632 vellemus
1003 1569 1100 1632 scire:
1129 1591 1240 1632 verum
1261 1569 1294 1631 id
1316 1590 1364 1631 so-

222 1674 289 1737 lum
311 1676 360 1736 est
387 1673 469 1756 qnod
497 1670 646 1754 nolimuS,
678 1692 749 1734 cum
770 1674 807 1734 tu
830 1693 849 1733 a
876 1671 969 1734 nobis
999 1671 1090 1734 abes:
1124 1693 1161 1734 ea
1183 1669 1276 1734 nobis
1298 1692 1364 1732 ma-

222 1775 308 1838 xima
335 1760 515 1837 sollicitudo
544 1767 606 1837 est.
638 1772 734 1836 Nunc
766 1775 802 1835 tu
830 1775 998 1861 postquam
1023 1772 1100 1835 inde
1126 1772 1289 1855 profectus
1318 1794 1362 1854 eS,

222 1879 371 1940 utrumne
393 1875 428 1938 in
450 1873 616 1938 Aureliam
639 1877 699 1937 an⁵
726 1875 761 1937 in
784 1872 994 1957 Campaniam
1016 1873 1137 1938 abisti?
1163 1873 1217 1938 fac
1243 1873 1364 1937 scribas

222 1977 317 2041 mihi:
346 1980 379 2040 et
400 1999 442 2040 an
472 1976 648 2041 vindemias
675 1975 888 2057 inchoaveris,
918 1978 950 2038 et
979 1999 1021 2038 an
1054 1977 1094 2039 ad
1121 1974 1231 2038 villam
1258 1975 1364 2039 multi·

222 2079 367 2142 tudinem
389 2077 542 2141 librorum
568 2077 697 2160 tuleris3
731 2080 763 2140 et
785 2076 864 2139 illud
894 2098 1017 2160 quoque
1046 2100 1088 2140 an
1115 2099 1167 2140 me
1189 2077 1364 2159 desideres3

224 2180 307 2263 quod
330 2201 390 2264 ego
408 2178 434 2263 ,c
449 2179 547 2243 stulte
569 2180 695 2263 requiro
717 2178 833 2262 quom⁷
854 2181 892 2240 tu
913 2181 1020 2260 perte
1043 2178 1133 2242 facis.
1157 2178 1252 2242 Nunc
1267 2181 1313 2261 cu,
1338 2179 1365 2246 si

222 2303 273 2344 me
299 2280 460 2344 desideras
484 2281 585 2364 adque
609 2281 709 2344 sime
732 2301 836 2361 amas,
875 2279 1000 2343 litteras
1028 2281 1124 2343 tuas⁸
1157 2280 1270 2343 adme
1302 2281 1364 2344 fre-

223 2385 357 2465 quentes
372 2382 492 2464 mittes,
518 2382 601 2465 quod
621 2381 701 2444 mihi
717 2380 869 2444 solacium
887 2382 989 2464 adque
1004 2381 1182 2444 fomentum
1205 2382 1256 2445 sit.
1280 2380 1365 2444 Nam

224 2483 333 2547 decern
355 2483 501 2567 partibus
523 2485 595 2545 tuas
618 2482 742 2550 litteras
764 2483 872 2567 legere
899 2483 1010 2546 malim
1032 2490 1127 2566 quam
1149 2504 1259 2547 omnes
1281 2483 1365 2547 Mar-

224 2584 305 2648 sicos
328 2587 384 2647 aut
406 2583 574 2648 Gauranos
596 2584 761 2667 palmites:
784 2607 861 2647 nam
884 2583 1013 2668 Signini
1035 2585 1162 2667 quidem
1184 2585 1239 2648 isti
1268 2585 1365 2649 nimis

224 2686 371 2748 rancidos
393 2707 535 2750 racemos
552 2689 584 2749 et
605 2686 711 2750 acidos
727 2687 837 2750 acinos
859 2686 996 2769 habent3
1019 2687 1102 2770 quod
1123 2687 1233 2750 vinum
1255 2687 1366 2751 malim

224 2809 318 2870 quam
339 2790 480 2850 mustum
500 2787 620 2851 bibere.
651 2787 822 2852 Praeterea
844 2789 923 2852 istas
946 2787 1025 2851 ubas
1047 2787 1149 2851 multo
1173 2790 1366 2853 commodius

223 2910 334 2970 passas
357 2911 453 2972 quam
478 2890 614 2972 puberes
641 2891 871 2954 manducareb:
899 2911 976 2953 nam
1002 2891 1146 2973 profecto
1173 2892 1284 2955 malim
1312 2914 1365 2955 eas

225 2991 358 3074 pedibus
392 2990 515 3055 calcare
549 3013 644 3075 qnam
680 2992 830 3058 dentibus
865 3012 1014 3057 comesse.
1070 2990 1131 3056 Sed
1158 2996 1268 3059 tamen
1296 3017 1366 3079 pro-

224 3093 322 3175 pitiae
345 3094 552 3177 placataeque
574 3092 649 3175 siut,
684 3095 715 3157 et
742 3093 821 3157 mihi
850 3114 908 3177 pro
934 3093 1006 3156 istis
1028 3093 1220 3158 iocularibus
1247 3095 1366 3160 bonam

225 3194 351 3257 veniam
372 3194 473 3257 duint.
502 3193 582 3257 Vale
604 3192 683 3257 mihi
705 3193 799 3257 homo
822 3194 1023 3277 amicissime,
1048 3196 1244 3278 suavissime,
1268 3198 1365 3261 diser-

224 3295 356 3378 tissime,
380 3295 535 3379 magister
558 3293 749 3358 dulcissime.
778 3333 820 3343 —
843 3294 945 3370 Quom
967 3296 1089 3359 videbis
1122 3297 1158 3359 in
1186 3297 1269 3360 dolio
1297 3321 1364 3361 mu-

226 3400 311 3460 stum
332 3396 472 3478 fervere,
506 3396 542 3459 in
569 3399 712 3459 mentem
733 3396 793 3460 tibi
823 3396 944 3479 veniat,
979 3396 1058 3459 mihi
1090 3397 1136 3459 sic
1168 3398 1204 3459 in
1236 3402 1365 3481 pectore

211 3501 316 3560 tuum
339 3496 529 3560 desiderium
551 3501 673 3561 scatere
697 3501 729 3561 et
751 3498 913 3561 abundare
936 3501 969 3561 et
983 3520 1112 3581 spumas
1125 3499 1256 3563 facerc.⁰
1279 3499 1365 3564 Sem-

148 3609 151 3614 “
225 3620 282 3681 per
303 3597 383 3662 vale.

310 3818 327 3855 a
344 3806 377 3854 Ia
395 3807 521 3869 masmae:
539 3802 571 3854 In
589 3801 655 3855 alio:
676 3802 806 3871 pertinet.
837 3869 840 3873 λ

309 3887 327 3938 b
346 3891 380 3939 Ia
397 3892 522 3954 margine:
543 3929 653 3940 .....
671 3905 767 3972 passas
785 3905 852 3941 uvas
871 3905 954 3955 quarn
974 3930 1139 3942 .......
1152 3889 1329 3944 manducare.

311 3986 325 4022 c
343 3974 377 4022 1η
393 3977 517 4039 margine:
537 3968 627 4034 Quom
644 3972 802 4050 videbis—
820 3973 920 4026 facere.
958 3972 1067 4039 (litteris
1086 3972 1229 4042 fugitivis.)

311 4175 386 4227 lIta
404 4172 505 4227 Codex.

310 4266 325 4312 2
343 4259 397 4312 Pro
416 4263 530 4313 ecelinus.
568 4261 684 4315 Orellios.

311 4350 326 4396 3
345 4340 434 4411 Super
452 4341 578 4397 additum
595 4343 623 4395 in
642 4342 750 4397 Codice.

310 4434 325 4481 4
345 4427 411 4480 Cod.
434 4427 461 4479 in
484 4428 563 4479 textu
582 4447 671 4495 pacem
692 4448 775 4489 aaron·
804 4429 864 4482 tum
886 4429 915 4482 in
936 4430 1061 4499 margine
1085 4430 1182 4485 scribit
1204 4433 1365 4488 scholiastes

226 4515 287 4565 alibi
303 4518 329 4565 ia
347 4520 455 4580 apicem,
483 4528 554 4579 quae
576 4511 655 4565 unice
678 4511 759 4565 lectio
784 4530 849 4566 vera
871 4514 920 4566 est.
961 4512 1001 4567 Cf.
1020 4514 1100 4567 Dion.
1119 4515 1181 4568 Hal.
1200 4518 1264 4572 Ant.
1283 4519 1363 4573 Rom.

225 4597 245 4662 I,
258 4601 299 4650 80.
335 4600 428 4649 Maius.

310 4680 412 4733 5Add.
433 4697 485 4734 sec.
505 4698 540 4734 m.
629 4680 635 4687 “

311 4770 327 4817 6
344 4764 444 4833 incipit
462 4764 527 4818 Cod.
546 4764 609 4819 Vat.
629 4783 656 4834 p.
672 4770 727 4819 156.

311 4847 410 4902 lCod.
430 4865 481 4902 sec.
500 4866 536 4903 m.
556 4856 631 4920 quod.
737 4849 738 4852 Ἴ

310 4932 415 4985 8Add.
434 4949 486 4986 sec.
505 4952 540 4987 m.
