3300 6050
358 887 407 939 AD
427 885 556 940 VERUM
573 886 693 940 IMPER.
712 886 901 940 AURELIUM
919 884 1112 939 CAESAREM
1129 886 1237 939 LIBER
1253 886 1287 938 II.
1334 887 1394 952 123

253 1058 348 1139 citat,
372 1012 596 1141 inpudentiam
619 1057 791 1141 extinguit,
814 1057 968 1120 virtutem
991 1055 1185 1137 cohortatur,
1210 1056 1289 1166 vitia
1312 1078 1395 1119 conr-

250 1160 351 1240 futat,
382 1159 509 1241 suadet,
540 1158 674 1241 mulcet,
704 1159 796 1222 docet
803 1208 812 1241 ,
844 1158 1036 1221 consolatur.
1082 1157 1228 1240 Denique
1256 1164 1394 1240 provoco

253 1262 403 1324 audacter
426 1261 474 1323 et¹
501 1261 687 1323 condicione
710 1262 832 1323 vetere:
870 1259 1009 1322 omittite
1039 1260 1253 1342 eloquentiam
1282 1262 1315 1322 et
1336 1259 1393 1321 im-

159 1431 167 1441 ,
252 1365 378 1446 parate,
401 1363 562 1426 orationes
583 1363 618 1424 in
634 1363 748 1424 senatu
763 1360 880 1423 habere
903 1360 1042 1423 omittite
1064 1364 1097 1423 et
1112 1361 1298 1424 Armeniam
1321 1360 1393 1423 sub·

252 1463 346 1547 igite:
370 1463 424 1525 alii
446 1484 571 1546 quoque
595 1463 690 1526 duces
712 1465 787 1526 ante
809 1483 865 1525 vos
887 1463 1076 1524 Armeniam
1098 1462 1311 1546 subegerunt:
1338 1461 1393 1524 sed

251 1587 331 1646 una,
355 1563 567 1646 mehercules,
598 1566 654 1626 tua
677 1563 831 1647 epistula,
860 1584 926 1625 una
948 1565 995 1626 tui
1017 1563 1127 1626 fratris
1151 1564 1189 1626 de
1212 1567 1244 1626 te
1266 1564 1393 1646 tuisque

252 1664 424 1728 virtutibus
447 1665 550 1728 oratio
577 1664 715 1729 nobilior
744 1666 784 1728 ad
814 1664 950 1749 gloriam
973 1668 1005 1727 et
1027 1665 1067 1727 ad
1089 1667 1232 1747 posteros
1256 1665 1394 1728 celebra-

251 1767 315 1829 tior
336 1767 398 1829 erit
425 1788 520 1849 quam
542 1766 684 1850 plerique
712 1767 895 1850 principum
916 1764 1081 1848 triumphi.
1127 1765 1298 1831 Ventidius
1326 1766 1392 1849 ille,

251 1870 421 1951 postquam
443 1866 580 1930 Parthos
602 1868 687 1931 fudit
709 1867 914 1952 fugavitque,
940 1868 978 1930 ad
1001 1867 1169 1935 victoriam
1191 1890 1281 1931 suam
1303 1890 1393 1951 prae·

253 1969 430 2051 dicandam,
455 1969 633 2033 orationem
656 1992 674 2032 a
698 1969 736 2033 G.
762 1968 933 2037 Sallustio2
955 1971 1120 2031 mutuatus
1143 1973 1207 2033 est:
1231 1973 1263 2033 et
1285 1969 1394 2033 Nerva

251 2070 339 2133 facta
367 2092 424 2133 sua
456 2070 493 2132 in
522 2075 637 2134 senatu
668 2072 772 2134 verbis
800 2070 987 2153 rogaticiisa
1016 2071 1260 2133 commendavit.
1311 2070 1394 2134 Item

243 2170 394 2254 plerique
418 2173 493 2234 ante
522 2176 672 2254 parentes
695 2174 816 2236 vestros
845 2171 1074 2254 propemodum
1095 2171 1238 2235 infantes
1261 2176 1293 2235 et
1316 2173 1401 2236 elin«

252 2293 331 2356 gues
352 2272 515 2356 principes
536 2272 684 2356 fuerunt,
715 2274 769 2356 qui
792 2274 831 2337 de
853 2273 947 2336 rebus
970 2272 1105 2336 militiae
1127 2295 1146 2335 a
1168 2295 1201 2336 se
1224 2266 1324 2357 gestis
1346 2275 1394 2337 ni·
1470 2266 1477 2273 ¹

252 2373 298 2436 hil
325 2375 429 2457 magis
457 2374 543 2458 loqui
570 2379 703 2457 possent
736 2397 830 2459 quam
857 2375 968 2460 galeae
990 2375 1174 2457 loquuntur.
1219 2375 1394 2459 Postquam

252 2496 334 2558 resp.
368 2498 387 2538 a
414 2475 657 2559 magistratibus
691 2476 808 2539 annuis
839 2477 879 2539 ad
908 2476 947 2540 G.
973 2473 1163 2540 Caesaremb
1192 2479 1225 2548 et
1252 2498 1326 2540 mox
1354 2478 1394 2540 ad

252 2578 436 2662 Augustum
458 2575 576 2640 tralata
599 2581 663 2660 est,
689 2577 817 2642 Caesari
842 2578 969 2661 quidem
990 2577 1178 2642 facultatem
1201 2579 1327 2642 dicendi
1348 2580 1394 2642 vi-

253 2678 310 2741 deo
334 2678 621 2763 1³imperatoriqm⁴
650 2680 764 2763 fuisse,
787 2682 973 2764 Augustum
1001 2701 1076 2743 vcro
1110 2679 1229 2743 saeculi
1256 2681 1394 2744 residui5

253 2772 417 2864 eleganter
439 2783 471 2844 ct
492 2780 611 2863 latine,
645 2780 776 2864 linguae
805 2782 974 2845 etiamtum
1001 2781 1131 2865 integro
1158 2782 1266 2866 lepore
1288 2783 1394 2865 potius

253 2904 349 2965 quam
382 2882 507 2945 dicendi
544 2883 691 2946 ubertate
733 2883 915 2965 praeditum
947 2886 1036 2966 puto,
1098 2882 1177 2946 Post
1208 2885 1395 2968 Augustum

252 2982 401 3048 nonnihil
430 2983 637 3067 reliquiarum
667 2983 732 3046 iam
755 2988 787 3048 et
809 2985 967 3048 victarum
990 2987 1022 3048 et
1043 2984 1278 3049 tabescentium
1301 2985 1394 3049 Tibe·

252 3085 299 3149 rio
326 3085 374 3149 illi
397 3085 602 3169 superfuisse.
647 3085 861 3167 Imperatores
891 3088 998 3149 autem
1025 3086 1176 3169 deinceps
1206 3088 1246 3150 ad
1273 3086 1394 3170 Vespa-

253 3188 378 3250 sianum
400 3176 499 3271 usque
515 3186 668 3250 eiusmodi
691 3207 811 3268 umnec,
835 3190 956 3272 utnon
978 3187 1085 3251 minus
1106 3186 1275 3250 verborum
1297 3188 1393 3270 pude-

253 3291 313 3370 ret,
338 3311 434 3372 quam
456 3288 581 3372 pigeret
603 3309 727 3350 morum
750 3290 783 3351 et
804 3288 970 3351 misereret
991 3288 1181 3352 facinorum.

336 3388 425 3465 Quod
448 3389 518 3473 quis
541 3389 642 3472 dieat,
667 3411 733 3452 non
756 3389 842 3452 enim
864 3389 1056 3453 didicerant:
1089 3390 1168 3472 qur⁶
1191 3411 1267 3473 ergo
1294 3390 1393 3473 impc-

242 3488 384 3573 'rabant3
408 3490 481 3553 aut⁷
503 3491 700 3573 imperarent
715 3492 810 3575 gestu
826 3512 950 3572 censeo,
966 3493 1003 3554 ut
1017 3489 1205 3573 histriones,
1229 3494 1285 3553 aut
1300 3494 1391 3574 nutu,

252 3596 288 3655 ut
309 3592 405 3674 muti3
430 3595 485 3655 aut
506 3613 564 3675 per
585 3592 806 3675 interpretem,
831 3594 867 3654 ut
890 3591 1047 3655 barbarie

336 3745 353 3782 a
372 3733 404 3781 In
422 3732 546 3794 oramine,
565 3731 607 3779 abt
623 3732 750 3794 repetitur
768 3733 850 3786 Iocus,
871 3736 909 3779 est
928 3725 1088 3795 rogatariis.

335 3811 354 3865 b
374 3816 407 3865 Iu
424 3816 553 3879 rnarpine:
581 3810 622 3863 De
641 3811 673 3867 G.
694 3809 820 3864 Caesaris
840 3811 1011 3878 eloquentia,
1035 3810 1068 3863 dc
1091 3810 1212 3878 Augusti
1230 3810 1339 3863 dicendi
1354 3810 1394 3866 le-

251 3912 327 3965 pore,
346 3895 380 3949 de
399 3895 503 3949 Tiberii
521 3896 654 3949 nonnulla
670 3894 813 3949 litteratae
832 3894 975 3958 scientiae,
1005 3895 1039 3948 de
1057 3895 1227 3962 reliquorum
1244 3894 1393 3964 imperato-

214 4050 216 4054 ,
252 3998 314 4033 rum
331 3979 462 4049 inperitia
481 3981 546 4047 (sic).

337 4082 351 4118 c
370 4069 402 4117 In
419 4070 545 4132 margine:
564 4062 661 4117 Sinon
673 4063 837 4130 didicerant,
856 4081 904 4118 cur
916 4064 1110 4133 imperabant?
1128 4064 1301 4134 imperarent
1312 4067 1394 4134 gestu

251 4151 283 4202 ut
299 4148 457 4212 histriones,
475 4150 544 4201 nutu
563 4149 593 4200 ut
610 4148 688 4215 muti,
708 4151 757 4202 aut
773 4165 824 4217 per
842 4149 1026 4217 interpretem
1044 4150 1075 4201 ut
1092 4149 1213 4203 barbari.

338 4256 349 4302 1
370 4249 430 4303 Om.
448 4249 547 4303 Maius.
582 4249 647 4302 Mox
665 4249 802 4318 Hauptius
815 4257 961 4303 Armenium
979 4250 1100 4318 subigito
1117 4268 1169 4319 pro
1187 4255 1299 4314 subicite,
1318 4253 1393 4319 quod

251 4335 307 4403 legi
324 4333 433 4387 videtur
450 4332 481 4386 in¹
498 4333 606 4389 Codice.

336 4417 504 4471 2Notemus
527 4417 650 4471 Sallustii
674 4419 851 4487 deperditam
875 4419 1037 4472 orationem.
1074 4417 1199 4471 Ventidii
1221 4418 1392 4488 triumphum

251 4503 389 4557 memorat
405 4503 520 4570 praeter
538 4501 607 4556 alios
625 4505 752 4556 auctores
770 4502 822 4556 Dio
841 4509 887 4568 49,
910 4508 950 4555 21.
989 4506 1081 4555 Maius.

336 4594 351 4640 3
370 4584 470 4655 Incipit
488 4585 554 4640 Cod.
573 4586 700 4641 Ambros.
720 4606 748 4656 p.
767 4593 825 4641 412.

337 4678 353 4723 4
372 4671 441 4724 Tres
459 4670 629 4739 posteriores
641 4670 752 4724 litterae
770 4688 826 4724 non
844 4673 991 4741 apparent.
1029 4670 1174 4740 Suppleut
1190 4670 1288 4725 Maius.

336 4761 352 4809 5
370 4755 476 4809 Codex:
494 4753 561 4809 RES
582 4797 693 4807 .....
713 4753 893 4808 Niebuhrius:
912 4759 1018 4809 residzm
1036 4760 1170 4823 clepunlia.

315 4840 412 4899 ¹elta
431 4837 531 4892 Codex.

336 4929 351 4977 7
369 4922 544 4977 Heindorfius
562 4922 658 4976 scribit
675 4934 710 4976 ut.
