3300 6050
466 879 514 931 AD
532 879 568 931 M.
589 877 781 933 CAESAREM
799 878 846 931 ΕΤ
866 877 1019 933 INVICEM
1037 879 1182 933 LIBERI.
1340 948 1343 952 ¹
1377 886 1395 947 7

255 1051 377 1114 nullam
402 1051 527 1112 ¹extare
549 1050 716 1112 rationem.
747 1049 815 1114 Nec
831 1049 961 1112 omnino
977 1048 1056 1111 mihi
1074 1064 1168 1112 'amor
1183 1051 1317 1135 videtur,
1341 1053 1395 1134 qui

255 1152 379 1215 ratione
402 1151 521 1236 ²oritur
543 1154 575 1214 et
595 1151 688 1213 iustis
711 1152 824 1214 certis³
848 1152 886 1214 de
908 1152 1011 1214 causis
1029 1151 1212 1234 copulatur:
1235 1165 1395 1216 aamorem

256 1273 315 1337 ego
336 1253 427 1315 illum
449 1252 603 1334 intellego
625 1251 794 1314 fortuitum
817 1256 849 1314 et
871 1252 1006 1314 liberum
1030 1257 1062 1315 εὴ
1084 1253 1181 1316 nullis
1206 1254 1310 1316 causis
1331 1276 1394 1316 ser-

254 1355 410 1436 vientem,
444 1354 557 1435 inpetu
584 1353 690 1434 potius
719 1375 815 1435 quam
845 1353 970 1416 ratione
999 1358 1203 1436 conceptum,
1247 1355 1302 1437 qui
1329 1377 1394 1419 non

254 1455 379 1537 officiis7
403 1455 451 1517 uti
466 1455 562 1537 ignis
587 1452 642 1516 sed
657 1457 771 1536 sponte
794 1455 890 1517 ⁴ortis
905 1455 1076 1537 vaporibus
1093 1455 1205 1518 caleat.
1242 1455 1395 1519 Baiarum

254 1578 314 1641 ego
333 1555 338 1642 Ι
359 1557 371 1594 ⁵
394 1555 512 1618 calidos
535 1576 648 1638 specus
673 1556 775 1618 6malo
790 1578 886 1638 quam
901 1556 980 1618 istas
996 1556 1178 1619 fornaculas
1194 1556 1393 1639 balnearum,

253 1658 288 1720 in
311 1657 426 1741 quibus
448 1657 534 1741 ignis
558 1679 629 1720 cum
652 1660 781 1740 sumptu
804 1661 899 1740 atque
925 1657 1014 1719 fumo
1037 1658 1222 1721 accenditur
1244 1659 1395 1740 brevique

253 1758 475 1842 restinguitur.
514 1757 598 1820 ⁷Atb
621 1758 669 1819 illi
690 1757 825 1842 ingenui
840 1779 973 1841 vapores
996 1760 1068 1842 puri
1084 1759 1292 1842 perpetuique
1307 1761 1393 1841 sunt,

253 1859 339 1944 grati
360 1859 482 1943 pariter
503 1861 536 1921 et
557 1859 701 1942 gratuiti.

150 1964 152 1966 ’
337 1960 389 2022 Ad
412 1960 547 2022 eundem
568 1981 697 2044 prorsus
712 1960 842 2024 modum
858 1960 1018 2025 amicitiae
1042 1961 1142 2025 Sistae
1158 1961 1272 2025 officiis
1289 1961 1394 2024 calen-

252 2065 300 2125 tes
322 2061 447 2125 fumum
468 2061 630 2124 interdum
652 2064 684 2124 et
705 2061 855 2125 lacrimas
876 2063 1008 2146 habent,
1036 2067 1069 2126 et
1090 2063 1145 2126 ubi
1167 2064 1305 2146 primum
1329 2084 1393 2125 ces-

253 2164 387 2246 saveris
418 2163 664 2246 9extinguntur:
693 2185 782 2226 amor
810 2168 918 2227 autem
944 2164 1096 2227 fortuitus
1124 2168 1156 2228 et
1182 2165 1267 2247 iugis
1291 2167 1340 2227 est
1362 2167 1395 2226 et

252 2265 419 2328 iucundus,
660 2282 661 2285 ’

337 2365 419 2440 Quid
447 2366 530 2448 quod
557 2387 659 2448 neque
688 2367 841 2430 adolescit
874 2368 1007 2449 proinde
1034 2389 1137 2450 neque
1166 2365 1394 2428 conroboratur

253 2467 394 2530 amicitia
416 2467 538 2530 meritis
561 2470 670 2548 parta,
698 2472 735 2530 ut
756 2468 810 2530 ille
833 2489 921 2530 amor
942 2469 1066 2531 subitus
1092 2468 1162 2529 ¹⁰ac
1184 2466 1394 2549 repentinus?

252 2573 375 2632 utnon
399 2590 498 2652 aeque
521 2570 707 2633 adolescunt
729 2570 764 2633 in
785 2569 938 2652 pomariis
964 2569 983 2609 ¹¹
994 2569 1190 2652 hortulisque
1206 2568 1393 2657 arbusculae

231 2669 384 2746 ‘¹²manu
413 2670 517 2734 cultae
544 2671 749 2754 rigataeque⁷
783 2673 819 2733 ut
847 2671 903 2733 illa
930 2671 965 2733 in
992 2670 1154 2734 montibus
1188 2669 1332 2732 aesculus
1361 2672 1393 2731 et

252 2772 339 2835 abies
362 2775 395 2835 et
418 2772 509 2834 alnus
533 2775 565 2835 et
588 2773 698 2835 cedrus
722 2776 753 2836 et
775 2773 896 2856 piceae,
923 2771 1034 2855 ¹³quae
1057 2773 1170 2854 sponte
1192 2773 1299 2851 natae,
1323 2770 1392 2833 sine

251 2873 376 2936 ratione
399 2895 436 2936 ac
459 2875 528 2937 sine
551 2874 661 2937 ordine
677 2874 802 2955 sitae¹⁴‚
827 2874 924 2936 nullis
941 2874 1097 2936 cultorum
1112 2871 1273 2933 laboribus
1289 2892 1392 2953 neque

252 2974 378 3056 officiis,
402 2975 457 3039 sed
479 2976 584 3040 ventis
608 2978 703 3057 atque
725 2975 880 3039 imbribus
903 2974 1089 3039 educantur.

336 3076 422 3139 Tuus
445 3077 545 3160 igitur
572 3078 633 3140 iste
657 3099 745 3140 amor
772 3076 913 3139 incultus
942 3079 975 3138 et
1002 3076 1071 3137 sine
1099 3075 1223 3136 ratione
1252 3078 1390 3155 exortm,

252 3199 354 3261 spere,
379 3200 451 3241 cum
475 3179 576 3262 cedris
598 3199 692 3261 porro
716 3177 909 3239 adolescet¹5
931 3178 962 3237 ei
985 3175 1136 3238 aesculis:
1159 3174 1255 3257 quisi
1272 3174 1391 3237 officio-

319 3402 336 3438 a
354 3388 387 3436 ln
405 3387 532 3449 inrepere:
549 3381 635 3433 Mirus
652 3380 729 3433 locus
748 3378 781 3433 de
800 3393 894 3431 amore
912 3376 1073 3430 rationabili
1091 3377 1119 3428 et
1137 3374 1260 3428 fortuite.

318 3470 337 3523 b
356 3473 389 3521 Iu
407 3471 533 3535 nrarpine:
551 3464 594 3517 Illi
610 3463 725 3532 ingenui
738 3494 769 3500 -
781 3462 905 3530 gratuiti.
930 3461 1097 3514 Balnearum
1114 3458 1187 3527 ignis
1206 3476 1268 3513 cum
1280 3461 1392 3527 sumptu

241 3557 280 3609 'et
297 3554 373 3607 fumo
392 3550 552 3633 accenditur
570 3548 703 3614 brevique
721 3545 910 3613 restinguitur.

320 3731 333 3776 1
353 3723 458 3777 Codex:
478 3730 564 3773 extra.

318 3815 333 3861 2
351 3808 395 3860 Ita
413 3805 506 3859 Codex
523 3820 564 3871 pr.
584 3819 620 3854 m.
640 3802 670 3854 at
688 3817 741 3853 see.
760 3804 876 3852 niundon.
1415 3856 1418 3860 ,

319 3900 334 3947 3
351 3889 536 3944 Heindorfius:
555 3890 690 3939 accersis.
726 3881 900 3937 Eichstadius
920 3883 1026 3950 [cercid.
1063 3880 1236 3949 Schopenus:
1255 3887 1391 3949 certisque.

317 3975 450 4031 AMaius:
468 3982 547 4035 oreris.
643 4006 645 4009 -

319 4067 334 4115 5
351 4058 451 4127 Incipit
469 4056 535 4110 Cod.
554 4055 681 4108 Ambros.
700 4072 727 4122 p.
743 4058 782 4105 76.

318 4151 333 4198 6
351 4146 395 4198 Ita
413 4142 518 4205 Codex:
535 4138 624 4193 Maius
640 4154 789 4207 perperam
807 4136 963 4189 dubitabat.
999 4136 1103 4203 Aperte
1120 4134 1223 4201 legitur
1241 4142 1313 4187 arato.

319 4228 456 4283 lCodex:
476 4231 527 4279 Act.

318 4319 334 4367 8
353 4311 458 4365 Codex:
477 4316 534 4362 iste.

209 4400 214 4420 ¹
318 4403 333 4450 9
352 4398 396 4449 lta
414 4394 518 4447 Codex:
538 4392 657 4445 alterum
675 4391 701 4444 N
720 4390 764 4444 vix
782 4391 908 4459 apparet.

305 4504 335 4552 10
354 4496 459 4551 Codex:
478 4462 506 4551 C.

303 4588 332 4635 11
352 4581 446 4634 Prima
462 4578 545 4633 litera
561 4578 587 4631 H
604 4594 677 4645 supr.
696 4576 743 4628 lin.

303 4673 334 4719 12
352 4664 456 4719 Codex:
474 4685 559 4725 nrurru,
577 4661 625 4715 sed
644 4678 712 4714 corr.
732 4678 804 4730 supr.
824 4660 870 4712 lin.

302 4757 334 4805 13
353 4748 457 4803 Codex:
477 4750 508 4817 ρ’.
861 4738 863 4741 ’

303 4841 334 4887 14
353 4837 439 4887 Satur.
461 4833 613 4887 Cramerus.

303 4924 333 4972 15
352 4916 456 4971 Codex:
475 4922 605 4973 adolescit.
641 4914 824 4970 Correxerunt
841 4912 985 4967 triumviri.
