3300 6050
685 871 964 926 PROLFGOMENA.
1284 892 1400 938 xxxnl

166 1070 168 1074 ’
255 1064 343 1108 anno
368 1042 466 1124 1829,
492 1041 626 1105 aliaest
654 1041 751 1123 rati03
780 1042 957 1106 rectissime
984 1043 1066 1106 vidit
1092 1032 1248 1126 magnum
1275 1065 1343 1106 esse
1364 1045 1401 1107 in

257 1143 337 1207 Maii
353 1144 492 1207 editione
507 1143 899 1225 lacunarumnumerum,
924 1143 979 1207 sed
1002 1144 1080 1206 adeo
1101 1142 1215 1206 infelix
1239 1145 1401 1208 coniector

255 1248 316 1327 est,
341 1248 377 1308 ut
399 1266 440 1308 ne
462 1265 562 1307 unam
577 1243 703 1327 quidem
725 1243 803 1306 satis
824 1244 1023 1326 probabilem
1039 1244 1294 1308 emendationem
1316 1244 1401 1327 apud

255 1368 330 1410 eum
352 1345 534 1428 repererim.
581 1343 744 1406 Arnoldus
767 1343 958 1408 Schaeferus
980 1345 1015 1407 in
1037 1349 1291 1429 programmate,
1316 1346 1401 1429 quod

256 1446 398 1510 Dresdae
414 1446 534 1529 prodiit
548 1467 634 1509 anno
651 1444 744 1527 1845,
769 1443 901 1509 Catonis
923 1445 1031 1509 nobile
1052 1446 1272 1530 fragmentum
1295 1469 1401 1510 emen-

255 1548 445 1631 davit,'·sed
473 1569 515 1611 an
544 1547 653 1610 eadem
682 1567 780 1629 opera
803 1546 901 1609 etiam
923 1546 1002 1610 alios
1023 1546 1197 1611 Frontonis
1219 1547 1305 1612 locos
1328 1548 1401 1612 atti-

256 1649 351 1732 gerit,
375 1670 442 1711 non
465 1648 614 1731 comperi.
651 1646 787 1710 Henriei
802 1647 899 1709 Alani
926 1649 1125 1712 coniecturas
1148 1651 1181 1711 et
1203 1649 1401 1712 animadver-

255 1750 362 1813 siones
387 1749 514 1813 criticas
538 1749 663 1831 accepi,
697 1770 795 1832 quum
816 1746 990 1812 Frontonis
1018 1748 1126 1812 textus
1153 1750 1219 1812 iam
1240 1750 1327 1833 typis
1349 1751 1402 1813 de·
1516 1758 1520 1765 '

255 1850 395 1932 scriptus
412 1853 509 1913 esset:
533 1851 592 1912 has
613 1850 715 1934 igitur
728 1849 764 1912 in
779 1849 946 1912 Addendis
968 1872 1039 1914 eum
1063 1850 1155 1914 docto
1178 1851 1296 1915 lectore
1319 1872 1402 1914 com-

213 1983 215 1989 s
255 1950 439 2014 municabo.
471 1950 575 2035 siqui
596 1954 763 2033 praeterea
777 1950 857 2013 mihi
879 1950 1101 2034 innotuerrmt,
1125 1954 1180 2035 qui
1203 1952 1241 2015 de
1263 1952 1401 2036 singulis

256 2051 429 2116 Frontonis
451 2052 530 2115 loeis
546 2052 762 2134 disputarunt,
785 2051 900 2115 horum
915 2053 1155 2117 emendationes
1168 2074 1234 2128 ,suo
1255 2052 1325 2116 loeo
1348 2053 1401 2116 ad-

255 2153 379 2236 scripsi.
409 2152 470 2227 oui
486 2160 524 2217 de
534 2157 751 2218 Frontonianae
764 2160 902 2232 reliqniis
917 2155 985 2238 egit
1001 2154 1155 2218 Ambiani
1173 2155 1254 2218 1853
1269 2154 1311 2218 A.
1327 2153 1402 2217 Phi-

257 2253 473 2337 libert-Soupe
489 2251 638 2317 accurate
655 2254 785 2338 collegit
805 2275 887 2337 quae
902 2255 1019 2338 ubique
1040 2255 1185 2318 invenire
1207 2254 1323 2338 potuit,
1347 2255 1402 2318 sed

255 2355 339 2418 nihil
353 2355 429 2418 novi
444 2354 512 2438 ipse
528 2355 648 2419 attulit.
677 2355 821 2441 Egregia
832 2372 911 2420 'vero
926 2358 975 2419 est
989 2356 1163 2438 disputatio
1179 2355 1349 2419 Niebuhrii
1366 2356 1402 2419 in

255 2455 393 2539 Scriptis
407 2454 587 2520 Minoribus
604 2457 716 2541 Iuor,
740 2457 796 2540 qui
816 2460 945 2539 praeter
967 2456 1040 2537 alia,
1064 2479 1145 2540 quae
1160 2479 1227 2521 non
1243 2457 1400 2538 excitabo,

257 2558 357 2620 refert
379 2557 418 2619 de
439 2556 629 2621 Latinarum
651 2558 833 2622 litterarum
856 2557 960 2620 studio
983 2560 1126 2640 tempore
1148 2557 1400 2622 Antoninorum.

255 2659 437 2722 Praeeunte
457 2658 624 2723 Hadriano
645 2660 732 2742 ipsc,
758 2660 798 2722 ad
820 2680 915 2742 quem
938 2680 971 2721 se
994 2661 1081 2722 totus
1105 2660 1283 2741 composuit
1304 2661 1400 2742 orbis,
1525 2696 1527 2701 ·

255 2760 396 2824 Romani
412 2760 451 2822 ad
467 2761 606 2825 Graecos
620 2761 792 2845 scriptores
815 2759 959 2823 animum
973 2759 1206 2842 applicuerunt,
1228 2763 1260 2823 et
1274 2764 1403 2843 praeter

255 2862 453 2925 Frontonem
481 2848 547 2925 tres
575 2864 704 2925 tantum
735 2862 907 2944 scriptores
935 2861 1090 2924 habemus
1120 2860 1174 2942 qui
1197 2860 1253 2923 illo
1276 2862 1402 2926 saeculo
1467 2867 1471 2874 '

256 2962 392 3027 Latinae
414 2951 598 3045 scriptionis
618 2962 746 3027 laudem
767 2962 866 3026 tutati
888 2964 975 3046 sunt,
999 2961 1182 3045 Apuleium,
1208 2961 1348 3027 Gellium
1370 2968 1403 3027 et

257 3065 437 3128 Minucium
459 3063 608 3128 Felicem.
653 3064 777 3128 Horum
799 3064 956 3147 Apuleius
984 3063 1141 3127 Frontoni
1169 3063 1236 3127 fere
1260 3065 1401 3148 aequalis

254 3167 335 3249 fuit,
371 3166 470 3229 ceteri
499 3166 560 3228 duo
588 3165 684 3247 paulo
712 3166 853 3229 iuniores
883 3166 978 3228 sunt:
1015 3186 1126 3229 omnes
1147 3168 1268 3247 tamen,
1293 3188 1401 3248 quam-

254 3288 353 3350 quam
379 3268 466 3329 inter
490 3288 522 3329 se
545 3266 767 3348 diversissimi,
801 3265 998 3329 Frontonem
1023 3265 1157 3349 ingenio
1185 3268 1218 3328 et
1240 3265 1401 3349 elegantia

256 3370 421 3450 superant.
466 3366 596 3431 Scilicet
617 3367 652 3430 in
674 3366 808 3450 imperio
830 3365 976 3429 Romano
998 3364 1110 3428 Musae
1133 3364 1274 3429 Graecae
1297 3370 1330 3430 et
1350 3390 1401 3431 ve-

254 3472 341 3532 teres
362 3468 520 3533 Camenae
542 3469 580 3532 de
602 3469 786 3552 principatu
808 3468 894 3530 inter
917 3489 950 3530 se
967 3470 1140 3549 certanmt,
1164 3467 1211 3530 ita
1233 3471 1280 3551 ut,
1303 3490 1402 3551 quum

256 3570 385 3633 illarum
400 3568 506 3631 studia
520 3569 682 3652 florerent,
706 3569 766 3632 hae
782 3569 926 3632 iacerent
941 3572 974 3632 et
989 3571 1280 3632 contemnerentur.
1310 3568 1402 3634 Po'st-

255 3693 354 3755 quam
381 3670 493 3754 magni
523 3670 694 3754 scriptores
722 3692 822 3754 usque
851 3670 891 3733 ad
913 3668 1149 3753 Vespasianum
1176 3691 1300 3733 summa
1330 3693 1402 3733 cum

254 3773 469 3837 admiratione
491 3771 625 3834 Latinas
654 3771 779 3834 litteras
808 3771 1032 3853 excoluerunt,
1067 3772 1246 3853 imperante
1275 3771 1403 3835 demum

256 3874 437 3937 Theodosio
459 3872 580 3956 Magno
606 3895 643 3936 eo
665 3872 803 3951 reditum
831 3875 889 3935 est.
926 3870 1123 3936 Niebuhrius
1146 3871 1327 3936 doctissime
1350 3895 1402 3936 ex·

256 3974 374 4059 plicat,
398 3973 554 4058 quomodo
575 3973 699 4037 factum
722 3975 780 4055 sit,
810 3975 847 4035 ut
872 3994 930 4055 per
957 3972 1036 4036 illud
1057 3972 1263 4036 intervallum
1286 3973 1402 4038 Graeci

254 4076 428 4157 scriptores
455 4076 559 4159 magis
587 4075 755 4157 placerent
783 4076 816 4136 et
838 4076 961 4137 veteres
984 4095 1056 4136 suos
1078 4072 1190 4137 heroes
1212 4072 1298 4137 haud
1319 4076 1402 4139 infe-

256 4177 362 4240 liciter
382 4176 597 4259 imitarentur.
643 4176 705 4241 Sed
727 4196 843 4259 operae
871 4174 1011 4257 pretium
1034 4177 1083 4238 est
1102 4173 1274 4239 Niebuhrii
1296 4176 1402 4260 dispu-

255 4278 412 4341 tationem
439 4280 542 4340 totam
570 4276 745 4361 perlegere.
791 4276 882 4351 Quod
903 4275 1054 4339 Hertzius
1081 4277 1119 4339 de
1140 4275 1303 4340 Frontone
1326 4278 1402 4341 scri·

255 4379 322 4461 psit
342 4379 378 4442 in
399 4378 482 4441 libro
504 4378 542 4441 de
564 4378 691 4442 litteris
704 4378 789 4462 apud
810 4377 973 4441 Romanos
1002 4377 1124 4441 renatis
1154 4378 1209 4440 sed
1232 4378 1400 4461 corruptis,

256 4484 463 4545 Bennissnnce
486 4484 549 4542 nncl
562 4483 683 4543 Bococo
705 4486 735 4542 r'n
759 4484 815 4542 der
837 4483 1016 4543 Romiscben
1032 4485 1210 4554 lineretur,
1235 4498 1301 4540 non
1323 4479 1400 4561 vidi,

252 4582 311 4644 sed
333 4581 453 4664 peritos
476 4580 596 4643 iudices
617 4580 769 4663 probasse
793 4579 898 4642 audio.
930 4579 970 4641 ln
992 4578 1251 4662 Encyclopaedia
1273 4577 1401 4643 Ersehii

252 4684 288 4745 et
311 4681 449 4746 Gruberi
473 4682 510 4744 de
533 4680 696 4744 Frontone
724 4678 837 4742 retulit
863 4678 1083 4760 Ecksteinius,
1108 4678 1162 4760 qui
1184 4678 1326 4742 virorum
1349 4681 1401 4744 do-

256 4786 381 4846 ctorum
408 4782 642 4866 disputationes
670 4778 888 4863 Bernhardyi,
919 4778 1066 4861 Bachrii,
1096 4778 1338 4844 Westermanni
1366 4782 1402 4844 in

255 4882 347 4947 libris
375 4885 413 4947 de
441 4884 630 4947 Latinarum
659 4883 840 4945 litterarum
867 4880 1002 4945 historia
1032 4884 1180 4945 accurate
1211 4881 1342 4965 collegit
1369 4887 1402 4946 et

292 5018 393 5053 rnour.
405 5019 441 5053 nr
453 5018 554 5056 innan.
568 5020 657 5056 uersa.
1181 5004 1198 5046 θ
