3300 6050
360 876 409 930 AD
427 875 555 930 VERUM
572 876 692 930 IMPER.
712 877 901 931 AURELIUM
919 875 1110 930 CAESAREM
1128 878 1236 931 LIBER
1253 878 1286 931 ΙΙ.
1335 881 1392 944 121

252 1051 302 1111 ter
329 1046 552 1130 respondisti¹.
598 1046 727 1111 Scilicet
754 1047 815 1111 hoc
842 1050 875 1110 te
898 1069 916 1110 a
940 1047 1180 1111 centurionibus
1208 1049 1258 1112 vel
1286 1049 1395 1132 primi-

251 1148 404 1232 pilaribus
438 1147 684 1232 elegantissimis
721 1149 964 1212 altercatoribus
1005 1148 1175 1213 didicisse?
1230 1149 1395 1214 Dausara²

252 1253 284 1314 et
303 1249 539 1333 Nicephorum³
562 1254 595 1314 et
610 1251 768 1315 Artaxata
784 1251 882 1314 ductu
898 1250 1101 1333 auspicioque
1114 1254 1172 1314 tuo
1188 1253 1284 1315 armis
1301 1257 1395 1337 capta

252 1354 342 1416 sunt:
380 1352 435 1415 sed
469 1374 574 1416 arcem
603 1354 761 1416 munitam
789 1355 821 1415 et
850 1352 1005 1416 invictam
1034 1355 1066 1415 et
1098 1353 1393 1437 inexpugnabilem,

251 1475 332 1536 quae
354 1453 389 1517 in
411 1454 521 1517 fratris
544 1455 592 1516 tui
607 1457 736 1537 pectore
752 1455 815 1518 sita
831 1457 890 1536 est,
915 1454 1089 1517 adnomen
1104 1453 1289 1519 Armeniaci
1311 1456 1395 1538 quod

251 1556 473 1619 recusaverat⁴
501 1556 705 1637 sumendum,
730 1557 800 1639 quis
824 1556 905 1619 alius
928 1578 1023 1639 quum
1044 1558 1090 1637 tu,
1116 1559 1171 1618 aut
1189 1557 1303 1639 quibus
1325 1557 1395 1620 aliis

251 1659 288 1720 tu
315 1678 410 1739 quarn
438 1649 637 1739 eloquentiae
666 1658 764 1740 copiis
798 1657 928 1720 adortus
956 1657 1033 1721 es⁵‘?
1077 1655 1234 1721 Comitem
1266 1659 1327 1722 tibi
1356 1659 1395 1722 ad

251 1758 490 1841 impetrandum
519 1759 648 1821 adscisti
676 1759 866 1840 exercitum,
896 1759 951 1822 sed
978 1759 1161 1842 loquentem
1190 1760 1394 1842 exerciturn⁶‚

252 1860 396 1923 oratione
424 1862 635 1943 pugnantem.
681 1860 720 1922 ln
748 1863 845 1923 catu
872 1863 963 1942 parte
984 1861 1166 1924 litterarum
1186 1864 1330 1944 tuarum,
1360 1864 1396 1925 ut

252 1961 387 2024 fratrem
409 1963 572 2024 amantem
595 1961 710 2043 decuit,
735 1961 905 2024 sententiis
927 1962 1031 2045 magis
1054 1963 1172 2026 crebris
1196 1967 1228 2026 et
1250 1963 1395 2027 dulcibus

252 2084 327 2126 usus
350 2084 399 2144 es,
425 2066 457 2126 et
478 2084 570 2125 versa
591 2062 808 2126 modulatione
833 2062 1010 2127 collocasti:
1043 2085 1125 2146 quae
1149 2086 1220 2126 cum
1242 2064 1393 2149 legerem,

222 2239 228 2246 .
252 2165 287 2228 in
310 2167 423 2228 senatu
447 2165 532 2227 enim
555 2186 612 2246 per
634 2163 851 2227 valetudinem
872 2185 938 2227 non
960 2165 1050 2247 potui
1073 2166 1182 2228 adesse
1189 2216 1197 2248 ,
1234 2188 1305 2228 eum
1333 2166 1395 2231 elo·

252 2267 383 2349 quentia
405 2268 461 2329 tua
483 2265 618 2328 fratrem
640 2269 731 2328 tuum
753 2267 861 2349 urgeri
884 2265 1034 2347 viderem,
1059 2267 1105 2329 ita
1129 2288 1201 2329 eum
1216 2268 1324 2331 tacitis
1346 2290 1395 2331 co·
1443 2321 1446 2324 .

253 2366 464 2452 gitationibus
486 2368 565 2430 meis
589 2367 836 2453 compellabam:
865 2365 947 2441 Quid
969 2367 1029 2430 hoc
1052 2367 1098 2430 rei
1122 2371 1180 2450 est,
1205 2368 1395 2433 Antonine?

252 2491 329 2532 nam
350 2469 412 2532 tibi
433 2468 524 2532 video
546 2490 664 2534 nomen
693 2469 776 2551 quod
804 2476 1009 2532 recusaveras
1038 2468 1299 2552 accil⁷piendum
1326 2493 1395 2535 esse

254 2574 285 2635 et
307 2571 365 2633 de⁸
387 2571 549 2633 sententia
578 2570 803 2634 decedendum.
850 2569 932 2645 Quid
961 2591 1048 2633 nunc
1071 2590 1171 2653 meae,
1195 2572 1271 2654 quid
1293 2571 1395 2655 philo-

254 2671 425 2755 sophorum
447 2670 575 2735 litterae
599 2671 725 2755 agunt?
767 2672 901 2734 Litteris
923 2671 1035 2733 militis
1057 2671 1226 2736 vincimur.
1270 2673 1395 2756 Ecquid

254 2777 360 2837 autern
382 2771 513 2856 pulchre
536 2773 700 2856 scripsisse
724 2773 871 2836 videtur?
911 2773 1072 2856 numquod
1100 2773 1232 2837 verbum
1254 2774 1395 2839 insolens
1436 2758 1443 2764 ’

254 2878 310 2939 aut
331 2874 616 2957 intempestivum?
644 2877 699 2938 aut
720 2897 798 2938 num
821 2896 881 2959 ego
903 2875 962 2937 tibi
985 2874 1095 2938 videor
1117 2875 1292 2959 gloriosum
1313 2876 1395 2939 mili·

253 2979 318 3041 tem
352 2976 515 3041 erudisse?
559 2975 659 3059 Quin,
695 2976 777 3060 quod
804 2975 887 3040 votis
915 2977 1062 3041 omnibus
1096 2976 1261 3060 expetisti,
1295 2976 1395 3043 habes

253 3079 386 3142 fratrem
407 3078 540 3160 fortem,
573 3078 675 3141 virum
697 3078 817 3141 bonum
840 3078 965 3142 dicendi
988 3078 1141 3162 peritum:
1176 3079 1286 3142 eadem
1310 3081 1395 3144 enim

254 3179 426 3243 (1161191116
448 3201 529 3262 quae
551 3183 603 3261 tu,
628 3179 683 3243 sed
706 3201 743 3242 ea
765 3180 872 3242 minus
892 3180 1001 3243 multis
1021 3179 1075 3243 ille
1091 3201 1187 3262 quarn
1202 3183 1248 3243 tu.
1280 3180 1395 3254 (11111110

253 3280 390 3344 maxime
412 3280 492 3345 haee
515 3303 574 3365 ego
596 3303 721 3345 mecum
744 3280 925 3364 agitabam,
956 3303 1032 3364 qum
1059 3282 1197 3344 orationi
1224 3288 1298 3344 tuae
1326 3303 1394 3345 sue-

255 3382 349 3446 cessit
372 3382 531 3446 Antonini
554 3384 671 3464 oratio,
696 3382 727 3445 di
751 3382 844 3445 boni!
869 3404 964 3465 quarn
986 3380 1135 3464 pulchra!
1169 3404 1265 3466 quam
1287 3383 1393 3446 vera¹¹

253 3484 371 3547 multa!
412 3484 509 3567 plane
538 3485 625 3548 dicta
652 3484 760 3547 omnia
788 3486 820 3547 et
849 3484 946 3547 verba
974 3483 1140 3546 delenifica
1151 3484 1175 3523 ¹²
1182 3533 1190 3564 ,
1220 3484 1340 3567 pietate
1363 3487 1395 3547 et

339 3831 352 3876 1
370 3823 437 3877 Veri
454 3824 562 3877 litteras
581 3823 616 3877 ad
633 3823 801 3876 Parthorum
819 3839 916 3891 regem
933 3824 1070 3878 memorat
1086 3821 1220 3876 Nazarius
1238 3839 1338 3891 paneg.
1359 3823 1396 3877 ad

255 3908 426 3964 Constantin.
447 3926 469 3962 c.
489 3914 529 3973 24,
547 3910 607 3961 tum
625 3907 710 3961 etiam
728 3908 832 3961 Fronto
851 3906 879 3960 in
897 3906 1039 3977 principiis
1058 3905 1199 3961 historiae.
1235 3911 1329 3961 Maius.

339 4001 354 4047 '2
373 3993 440 4047 Cod.
459 4010 501 4061 pr.
521 4011 556 4046 m.
579 3998 728 4045 Causarum.
1353 3995 1355 3999 ’

339 4086 354 4131 3
372 4077 440 4130 Aliis
459 4082 646 4144 Nicephorium.
684 4081 777 4132 Maius.

339 4163 406 4215 461.
426 4160 574 4229 Capitolin.
596 4160 626 4213 iu
643 4159 737 4214 Marco
757 4178 778 4213 c.
800 4166 823 4214 9.

339 4246 406 4298 tcf.
427 4244 575 4313 Capitolin.
598 4244 628 4297 in
644 4244 719 4299 Vero
738 4262 759 4298 c.
780 4250 803 4298 8.

339 4334 354 4381 6
373 4327 440 4381 Tria
456 4328 543 4382 verba
556 4328 634 4396 ¹apud
652 4329 755 4382 Maium
774 4329 883 4382 desunt.
920 4329 951 4379 111
973 4328 1151 4394 sequentibus
1173 4328 1311 4398 Hauptius
1331 4327 1395 4381 scri·

254 4413 307 4468 bit:
331 4424 357 4466 et
374 4413 460 4466 verba
477 4412 664 4466 modulatiora
681 4419 821 4468 collocasti.

340 4503 353 4550 7
372 4494 473 4564 Incipit
491 4493 557 4549 Cod.
576 4495 639 4549 Vat.
659 4514 686 4563 p.
708 4503 746 4550 13.

340 4580 435 4635 80m.
454 4579 551 4633 Maius.

339 4672 354 4719 9
373 4664 439 4720 Cod.
458 4684 499 4734 pr.
520 4683 556 4718 nr.
576 4670 652 4719 dicet.
683 4666 717 4718 cf.
736 4665 850 4719 Jordan.
870 4665 906 4719 ad
925 4665 1022 4719 Caton.
1041 4684 1068 4734 p.
1088 4673 1129 4720 80.

324 4757 355 4803 10
373 4750 417 4802 lta
436 4748 529 4803 Codex
546 4749 596 4803 bis.
936 4740 947 4760 '

324 4840 352 4887 11
373 4834 416 4886 Ita
434 4831 534 4887 Codex.
571 4835 656 4888 Recte
674 4832 825 4901 Hauptius:
850 4830 921 4901 quam
939 4851 1004 4888 vero
1022 4842 1106 4895 mrclta.

324 4924 354 4969 12
375 4916 442 4973 Cod.
461 4934 513 4972 sec.
533 4936 568 4972 m.
589 4924 702 4987 deleficc,
721 4919 752 4971 ut
769 4917 886 4973 videtur.
