3300 6050
289 894 376 940 xxlv
722 872 1002 927 PROLEGOMENA.

289 1069 352 1131 qua
373 1045 475 1110 uara
497 1045 564 1109 ana
586 1048 672 1109 erae
702 1000 815 1128 Juque
830 1025 927 1108 ’inam
949 1045 1040 1108 anxa
1062 1044 1097 1110 c.
1121 1046 1269 1111 Aufiuus
1292 1047 1432 1111 vaae-

288 1171 350 1212 nus
372 1149 492 1211 duobus
515 1147 658 1211 tribusve
681 1147 775 1210 annis
797 1149 970 1230 antequam
989 1147 1024 1210 in
1041 1146 1247 1212 Germaniam
1268 1150 1432 1233 profectus

289 1253 348 1334 est,
373 1251 458 1314 circa
480 1272 601 1313 annum
625 1250 697 1332 160,
721 1272 797 1312 nam
812 1249 932 1312 bellum
948 1249 1098 1313 adversus
1115 1249 1226 1315 Cattos
1248 1255 1461 1349 susceptum*

289 1355 337 1416 est
359 1353 469 1416 eodem
489 1352 557 1415 fere
579 1355 724 1435 tempore
745 1374 808 1435 quo
830 1351 949 1414 bellum
971 1351 1122 1415 adversus
1143 1351 1292 1435 Parthos,
1315 1374 1430 1436 nempe

289 1476 374 1518 anno
398 1455 469 1519 162.
514 1453 607 1517 Facit
627 1453 688 1517 hoc
716 1454 756 1516 ad
782 1453 1002 1537 indagandum
1029 1456 1171 1538 tempus,
1203 1476 1265 1538 quo
1292 1455 1430 1539 scriptae

289 1562 367 1621 sunt
399 1557 571 1620 Frontonis
600 1556 753 1639 epistolae
786 1555 827 1618 ad
859 1577 1023 1640 generum.
1068 1555 1191 1619 Eadem
1219 1578 1316 1640 opera
1344 1579 1430 1623 nunc
1462 1602 1467 1607 -

290 1663 419 1723 constat
446 1659 485 1722 dc
514 1680 617 1742 anno,
641 1680 704 1742 quo
725 1658 793 1721 fere
822 1657 944 1741 scripta
971 1661 1020 1721 est
1048 1657 1162 1721 ultima
1190 1658 1325 1740 epistola
1358 1658 1429 1722 libri

289 1760 429 1824 secundi*
444 1761 484 1824 ad
507 1760 648 1823 Amicos.

374 1862 413 1925 In
441 1861 535 1945 epist.
564 1861 621 1945 IV,
660 1863 694 1924 ll
731 1861 873 1925 videmus
906 1861 1083 1925 Domitiam
1114 1862 1205 1926 illam
1231 1861 1431 1945 Faustinam,

291 1986 372 2049 quae
394 1964 497 2027 Marci
511 1963 650 2027 filiarum
671 1967 751 2026 natu
768 1964 909 2027 maxima
931 1967 1010 2046 erat,
1034 1964 1177 2048 graviter
1198 1968 1431 2048 aegrotantem.

291 2066 381 2131 Obiit
407 2069 520 2130 tenera
548 2069 670 2148 aetate,
703 2070 736 2130 et
763 2066 845 2129 aliae
874 2087 997 2150 quoque
1030 2066 1132 2129 Marci
1164 2067 1249 2129 filiae
1282 2066 1434 2148 parvulae

242 2245 245 2251 Ι
289 2170 375 2253 patri
398 2171 527 2252 ereptae
549 2171 634 2252 111111,
664 2190 741 2231 nam
770 2191 842 2232 curn
867 2168 903 2232 L.
927 2167 1030 2231 Verus
1053 2189 1139 2231 anno
1163 2169 1223 2233 162
1250 2169 1286 2231 in
1308 2167 1434 2251 Syriam

289 2271 553 2356 proficisceretur,
584 2270 718 2353 Lucilla,
747 2270 886 2334 filiarum
914 2293 993 2354 quas
1021 2274 1100 2334 tunc
1128 2271 1268 2333 babebat
1295 2270 1435 2333 maxima

289 2377 380 2456 natu,
410 2373 554 2437 nondum
583 2372 703 2436 nubilis
735 2373 863 2436 videtur
891 2373 1000 2436 fuisse.
1046 2372 1136 2447 Quod
1165 2372 1284 2437 Fronto
1311 2371 1435 2455 prolixe

290 2476 462 2559 respondet
482 2475 518 2538 in
541 2474 676 2558 epistola
698 2472 755 2556 IV,
779 2475 829 2556 12,
854 2474 1023 2537 ridiculum
1043 2474 1079 2537 in
1093 2475 1222 2538 modum
1238 2473 1435 2538 calamistra-

290 2581 360 2641 tum
382 2579 442 2640 est.

376 2678 557 2762 Epistolam
578 2677 618 2760 V,
642 2678 694 2760 30,
723 2678 844 2761 inqua
869 2677 989 2742 nonu
1012 2678 1141 2744 Caesari
1167 2700 1286 2743 novum
1314 2702 1436 2744 annum

290 2781 433 2867 faustum
462 2783 495 2843 et
522 2801 708 2863 prosperum
742 2784 903 2863 precatur,
937 2781 1101 2845 retulerim
1133 2781 1174 2844 ad
1207 2804 1328 2844 annum
1363 2784 1434 2864 141,

292 2885 367 2968 quia
395 2883 505 2946 Marco
533 2905 598 2946 non
627 2884 677 2945 est
703 2882 767 2945 nisi
795 2882 891 2946 unica
920 2883 998 2946 filia.
1043 2881 1229 2965 Respondet
1256 2882 1374 2947 Caesar
1400 2884 1436 2947 in

227 2973 229 2979 ¹
293 2986 385 3069 epist.
415 2985 456 3063 V,
478 2986 530 3050 31.
576 2983 778 3068 Coniungam
811 3006 883 3048 cum
916 2984 966 3048 bis
994 2983 1140 3050 Caesaris
1173 2985 1342 3068 epistolam
1374 2986 1435 3068 HI,

295 3089 344 3152 17.
388 3087 429 3150 In
463 3088 530 3151 eius
564 3087 849 3151 declamationibus
882 3087 1002 3150 Fronto
1037 3087 1190 3170 quaedam
1227 3087 1435 3171 improbarat,
1472 3164 1474 3167 Ι

293 3190 388 3253 sicuti
409 3189 488 3252 fecit
516 3189 551 3253 in
573 3189 735 3272 superiore
758 3210 882 3272 quoque
908 3189 1043 3272 epistola
1071 3188 1131 3270 HI,
1166 3189 1215 3271 16,
1243 3211 1437 3272 quamquam

292 3314 379 3355 nnnc
422 3291 550 3375 quidem
585 3292 757 3354 Frontonis
797 3291 1031 3355 admonitiones
1069 3291 1243 3374 perierunt.
1302 3290 1438 3355 Dixerat

293 3395 449 3477 quaedam
471 3393 589 3458 Caesar
609 3394 645 3456 in
668 3396 800 3475 senata,
830 3393 885 3456 sed
908 3392 1045 3456 multum
1065 3393 1182 3456 metuit
1205 3415 1246 3455 ne
1268 3405 1450 3476 perperam.

293 3496 419 3559 dixent.
454 3495 555 3559 Simul
589 3516 661 3558 cum
688 3496 781 3577 epist.
816 3495 877 3576 ΙΠ,
914 3495 953 3558 18
988 3493 1106 3559 Caesar
1132 3494 1269 3557 remittit
1299 3493 1438 3559 Gracchi

293 3598 465 3679 orationes,
490 3617 569 3679 quas
591 3596 748 3679 magister
770 3596 798 3658 ei
821 3596 953 3658 dederat
976 3596 1139 3679 legendas.
1185 3594 1298 3659 Brevis
1325 3596 1438 3660 itidem

294 3702 343 3762 est
365 3697 501 3780 epistola
522 3696 582 3781 HI,
608 3698 648 3761 19
671 3696 814 3761 Caesaris
845 3697 885 3759 ad
912 3696 1109 3761 Frontonem
1135 3697 1239 3761 denuo
1269 3702 1439 3782 aegrotari·
1503 3763 1516 3772 ,

293 3804 370 3864 tem.
393 3798 584 3881 Epistolam
606 3798 666 3882 ΙΠ,
689 3798 732 3861 20
752 3798 874 3862 Fronto
896 3799 1009 3863 scribit
1030 3801 1070 3863 ad
1092 3799 1260 3864 Caesarem
1281 3801 1439 3865 rustican-

293 3905 375 3984 tem3
397 3903 485 3964 totus
508 3904 557 3963 est
578 3900 632 3963 1111
655 3901 689 3965 in
714 3898 837 3964 Galbae
866 3901 1065 3965 orationibus
1087 3902 1242 3985 legendiS,
1271 3903 1327 3965 sed
1356 3925 1440 3967 com-

176 4065 178 4070 .
293 4003 401 4086 plures
424 4002 578 4086 epistolae
600 4003 775 4084 perierunt.
820 4002 957 4066 Interim
983 4003 1100 4067 Caesar
1122 4006 1215 4067 tanto
1237 4004 1343 4068 studio
1365 4026 1439 4088 ope·

294 4127 364 4168 ram
386 4104 484 4167 dabat
505 4103 634 4185 litteris,
663 4108 787 4168 utnon
816 4104 896 4167 satis
918 4106 1022 4168 somni
1045 4108 1175 4188 caperet
1197 4106 1237 4169 ad
1263 4106 1345 4170 vires
1367 4108 1438 4170 refi-

295 4207 435 4270 ciendas.
472 4206 586 4289 ltaque
601 4205 722 4269 Fronto
744 4228 816 4269 eum
838 4205 986 4269 hortatus
1010 4210 1090 4288 crat,
1114 4210 1151 4271 ut
1167 4208 1340 4271 valetudini
1364 4231 1438 4272 con·
1509 4271 1514 4278 .

295 4308 427 4391 soleret,
451 4308 491 4370 ad
513 4306 599 4371 hanc
622 4308 791 4391 epistolam
813 4308 931 4374 Caesar
951 4309 1125 4391 respondet
1146 4309 1205 4391 ΙΠ,
1228 4309 1280 4372 21.

378 4410 500 4474 Eodem
528 4431 613 4473 anno
646 4410 767 4493 scripta
798 4410 926 4473 videtur
946 4409 1118 4474 Frontonis
1151 4410 1287 4493 epistola
1313 4410 1355 4494 V,
1383 4412 1438 4484 54.

295 4512 444 4577 Graviter
470 4516 618 4597 aegrotat
644 4534 748 4595 neque
775 4512 950 4576 Dominum
972 4534 1064 4575 suum
1091 4512 1193 4575 natali
1222 4512 1272 4575 die
1299 4512 1438 4577 invisere

294 4615 411 4698 potuit:
455 4615 484 4679 Ε
514 4614 659 4680 Caesaris
681 4615 838 4697 rescripto
861 4613 966 4677 efficio
987 4613 1161 4677 Frontonis
1189 4613 1273 4677 diem
1295 4614 1438 4678 natalem

294 4717 393 4780 fuisse
415 4718 527 4781 statim
548 4720 622 4800 post
650 4716 796 4781 Caesaris
824 4716 967 4779 natalem
997 4716 1082 4779 diem
1107 4716 1217 4798 itaque
1245 4715 1296 4778 die
1324 4717 1438 4800 quinto

295 4817 368 4881 Kal.
400 4818 477 4881 Mai.
522 4818 693 4882 Praeterea
726 4821 802 4882 sunt
836 4818 948 4881 breves
978 4816 1132 4900 epistolae
1158 4814 1200 4897 V,
1223 4816 1276 4879 56.
1298 4817 1351 4880 51.
1380 4818 1438 4900 58,

296 4919 410 4983 ultima
431 4918 547 4983 hanam
569 4920 690 5002 scripta
711 4920 776 4982 fuit
796 4919 902 4982 media
922 4918 1038 5001 hieme,
1063 4939 1135 4981 cmn
1149 4916 1267 4981 Caesar
1287 4917 1438 4982 Centum-
1513 5001 1515 5006 ³
