3300 6050
255 859 293 922 12
463 857 499 911 Μ.
519 856 688 912 CORNELII
706 857 913 912 monronis
931 858 1186 914 EPISTULARUM

338 1026 398 1092 Sed
421 1029 506 1090 enim
528 1051 660 1111 vespera
683 1030 847 1113 scripsisse
870 1033 902 1093 te
925 1031 988 1112 ais,
1019 1053 1090 1094 cum
1113 1032 1207 1114 paulo
1229 1036 1302 1114 post
1324 1033 1394 1095 dor-

252 1131 387 1192 ruiturus
410 1151 509 1193 esses:
532 1131 633 1214 igitur
655 1131 917 1218 adpropinquans
940 1136 973 1197 et
994 1133 1164 1196 imminens
1187 1134 1248 1196 tibi
1263 1156 1394 1198 somnus

251 1235 319 1294 tam
341 1231 523 1315 elegantem
545 1231 630 1296 hanc
653 1232 824 1315 epistulam
838 1234 927 1297 fecit.
961 1234 1119 1318 Namque,
1142 1238 1179 1298 ut
1201 1257 1322 1318 crocus,
1346 1237 1394 1299 ita

251 1354 380 1396 somnus
402 1333 589 1421 priusquam
610 1355 710 1418 prope
733 1335 833 1417 adsit,
867 1336 964 1420 longe
992 1337 1134 1419 praeolet
1161 1337 1319 1421 longeque
1342 1337 1394 1402 de-

251 1434 360 1498 lectt.

336 1535 382 1600 Ut
404 1561 423 1600 a
445 1536 604 1620 principio
625 1537 726 1622 igitur
748 1539 904 1621 epistulae
925 1542 1000 1603 tuac
1022 1540 1192 1623 incipiam,
1220 1541 1394 1626 elegantis-

252 1639 330 1701 sime
346 1639 609 1721 „praevar’icari“
631 1642 664 1702 te
680 1639 741 1722 ais,
765 1641 848 1722 quod
873 1691 1275 1704 ................
1287 1641 1308 1725 l¹
1333 1646 1393 1725 est,

252 1743 288 1801 ut
310 1762 346 1802 eo
369 1739 495 1803 sublato
517 1740 604 1804 aliud
626 1740 718 1804 subdi
740 1741 882 1805 eiusdem
897 1764 972 1805 usus
988 1746 1020 1806 et
1035 1743 1184 1825 ponderis
1200 1737 1265 1807 non
1280 1745 1392 1826 possit.

252 1841 335 1903 lllud
357 1862 430 1904 vero
453 1842 573 1905 dictum
596 1843 728 1926 elegans
753 1893 1132 1907 ...............
1141 1845 1154 1883 2
1180 1867 1307 1927 „neque
1330 1846 1394 1909 alia

251 1941 358 2005 omnia
381 1964 462 2025 quae
484 1945 662 2010 Ὀδυεεείαν
684 1944 867 2008 faciunt.“a

336 2044 509 2115 Enimvero
536 2045 643 2108 omnia
672 2046 772 2109 istaec
799 2047 885 2109 inter
913 2068 1045 2130 graecos
1075 2069 1182 2110 versus
1216 2047 1319 2110 latina
1347 2048 1395 2112 ita-

252 2146 331 2209 scite
354 2146 515 2210 alternata
538 2150 654 2210 sunta
677 2152 710 2211 te
733 2151 766 2210 et
787 2148 989 2231 interposita,
1013 2151 1049 2211 ut
1072 2151 1122 2212 est
1141 2149 1196 2211 ille
1216 2149 1251 2212 in
1266 2150 1394 2232 pyrrica

252 2247 479 2312 versicolorum
502 2249 663 2312 discursus
670 2251 697 2331 ,b
720 2251 836 2332 quom³
859 2249 969 2312 amicti
986 2271 1079 2313 cocco
1095 2250 1165 2332 alii,
1190 2250 1246 2313 alii
1261 2251 1346 2313 luteo
1363 2254 1395 2314 et

251 2354 339 2412 ostro
360 2352 393 2412 et
414 2371 573 2433 purpura,
598 2352 652 2414 alii
676 2351 793 2434 aliique
817 2351 1004 2415 coherentes
1029 2352 1252 2415 concursant.⁴

336 2451 406 2514 lam
434 2474 452 2513 a
479 2452 626 2515 Laertio⁵
654 2453 695 2514 ad
723 2453 871 2515 Atridam
905 2453 1072 2537 eleganter
1101 2453 1258 2516 transisti.
1309 2453 1395 2517 Ecce

252 2557 359 2616 autem
383 2552 467 2616 circa
489 2553 633 2616 Ennium
661 2553 757 2616 aliam
784 2553 979 2617 malitiosam
1005 2555 1124 2638 pilam⁶
1152 2555 1283 2636 dedisti,
1323 2577 1395 2618 cum

253 2655 314 2736 ais,
353 2654 416 2717 nisi
445 2676 482 2716 ex
510 2675 621 2718 somno
649 2656 861 2719 exsuscitatus
895 2659 994 2738 esset,
1032 2678 1207 2739 numquam
1235 2657 1395 2719 somnium

253 2777 345 2818 suum
372 2759 545 2820 narrasset.
605 2761 739 2831 Quaerat
766 2757 899 2836 uliquiffl
928 2757 1056 2821 Marcus
1086 2778 1175 2820 meus
1203 2756 1336 2839 Caesar,
1368 2758 1394 2820 si

321 2975 338 3011 a
356 2962 389 3011 In
407 2965 534 3029 marytre:
556 2958 653 3026 Baiae,
675 2959 809 3013 Lucrinus
828 2961 857 3012 et
874 2959 1012 3026 Avernus,
1036 2962 1064 3013 ct
1082 2959 1138 3014 alia
1155 2959 1249 3014 omnia
1266 2977 1393 3029 quaeque

253 3044 406 3112 Odysseian
423 3046 536 3099 faciunt.

320 3129 338 3181 b
356 3133 390 3183 In
408 3139 533 3199 rrarpine:
556 3131 599 3184 Ita
616 3129 645 3183 iu
663 3129 789 3185 oratione
807 3130 884 3183 utin
902 3129 1014 3199 pyrrice
1034 3129 1215 3184 versicolorus
1233 3130 1318 3184 debet
1334 3132 1395 3185 fleri

253 3213 396 3268 discursus.
458 3213 463 3221 ’

253 3366 414 3377 ’ἣ---ὴ-
421 3372 436 3376 -
442 3372 453 3377 -

322 3457 454 3526 lincipit
472 3454 538 3508 Cod.
558 3454 685 3508 Ambros.
708 3472 735 3521 p.
750 3458 794 3518 85,
825 3454 890 3521 post
917 3451 1034 3505 duarum
1059 3452 1228 3520 paginarum
1256 3452 1393 3519 lacunam,

253 3560 336 3609 quam
355 3542 401 3610 qui
421 3557 477 3594 non
495 3539 610 3609 agnovit
626 3538 722 3603 Maius,
740 3537 850 3605 putavit
867 3536 956 3589 tribus
974 3536 1066 3589 verbis
1077 3535 1249 3605 interpositis
1261 3536 1394 3590 damnum

253 3627 349 3680 sarciri
365 3642 456 3695 posse.

319 3769 334 3815 2
354 3761 456 3815 Codex:
475 3756 715 3812 AVTAVIATVV
729 3800 733 3808 .
749 3799 754 3809 .
770 3800 774 3809 .
789 3704 945 3819 AliSNEQc.
982 3756 1082 3809 Latere
1101 3755 1236 3825 suspicor:
1255 3761 1316 3809 urin:
1334 3765 1395 3826 quia

252 3860 318 3901 taam
336 3852 404 3915 qaod
420 3851 471 3898 ais:
491 3861 589 3910 ,meque
608 3842 658 3895 cet.
684 3841 742 3905 Quo
758 3842 827 3895 haec
838 3840 1004 3909 pertineant,
1022 3840 1191 3908 ignoramus,
1210 3840 1276 3907 quia
1286 3839 1394 3895 interiit

251 3931 356 4000 pagina
383 3945 453 3997 quae
480 3926 637 3996 praecessit.
674 3926 800 3994 Apparet
822 3927 916 3978 tamen
939 3925 1109 3978 Frontonem
1132 3923 1242 3993 copiose
1264 3924 1393 3979 laudasse

252 4015 356 4069 alumni
374 4030 489 4067 acumen
507 4013 535 4065 et
553 4010 727 4079 elegantiam.
758 4010 864 4063 Eodem
883 4009 958 4062 ducit
970 4009 1114 4063 adnotatio
1127 4008 1156 4061 in
1168 4007 1303 4077 margine,
1322 4027 1393 4077 quac

251 4101 348 4154 itidem
371 4099 463 4152 sumta
486 4098 526 4149 cst
550 4094 638 4148 exiis
661 4111 731 4163 quae
753 4094 962 4148 interciderunt.
1005 4095 1037 4147 cf.
1063 4110 1133 4160 quac
1157 4092 1278 4146 dicemus
1301 4094 1338 4147 ad
1355 4094 1392 4147 M.

252 4186 399 4240 Caesarem
416 4183 462 4235 ΠΙ.
477 4186 500 4234 8.

319 4278 334 4325 3
354 4268 457 4323 Codex:
477 4285 557 4334 quana.
838 4334 842 4338 .
870 4319 872 4322 ,
1310 4341 1312 4343 Ι

319 4360 335 4406 4
353 4352 512 4420 Schopenus
531 4348 659 4403 coniecit:
687 4354 733 4402 ulii
754 4348 808 4402 alio
831 4348 949 4416 denique
973 4348 1064 4402 colore
1087 4346 1160 4400 inter
1179 4364 1208 4401 se
1227 4358 1390 4402 concursant.

253 4437 417 4492 Coniectura
435 4435 545 4488 videtur
562 4434 645 4503 paulo
664 4432 803 4489 audacior.

320 4529 335 4576 5
354 4520 458 4574 Codex:
477 4525 576 4573 Lertio.

319 4663 335 4709 6
354 4655 458 4710 Codex:
480 4654 605 4733 PETAM
621 4654 754 4707 velforte
772 4600 897 4706 PdTAM
916 4653 961 4707 vel
978 4600 1107 4707 PliLAM.
1143 4649 1319 4705 Hcindorfius
1337 4671 1394 4706 ma·

250 4742 328 4795 lebat
351 4746 460 4808 plapam.
508 4739 680 4807 Schopcnus:
708 4743 856 4791 rnalitiosam
881 4736 1155 4806 interpretationem,
1186 4736 1246 4790 coll.
1275 4735 1330 4790 Cic.
1358 4736 1394 4804 de

252 4825 304 4879 eff.
323 4825 344 4878 I.
360 4826 399 4877 10.
413 4829 436 4877 8.
1165 4859 1182 4887 ,

320 4914 334 4964 7
354 4908 409 4962 Tot
426 4909 482 4965 fero
501 4908 611 4964 litterae
630 4906 773 4963 evanuisse
791 4905 929 4960 videntur.
