3300 6050
734 867 916 920 ADDENDA.

480 1215 485 1234 '
591 1218 595 1223 '
690 1212 952 1286 Addeuda

319 1413 478 1480 Sequuntur
502 1414 633 1480 excerpta
655 1409 817 1464 ex'Heuriei
834 1410 916 1464 Alani
935 1409 1105 1464 Coniecturis
1124 1411 1152 1462 et
1169 1407 1394 1461 Animadversio-

161 1566 163 1571 1
251 1500 345 1563 nibus,
365 1515 433 1565 quas
452 1515 524 1550 nuuc
543 1497 654 1549 demum
673 1513 808 1564 usurpare
827 1496 911 1549 licuit.
948 1493 1069 1548 Libellus
1088 1496 1130 1547 est
1147 1511 1300 1563 paucarum
1311 1491 1394 1561 pagi-

253 1601 351 1639 narum
370 1585 398 1637 et
415 1580 539 1635 Dublinii
555 1579 660 1650 prodiit
678 1597 750 1633 anuo
770 1585 842 1632 1841.

251 1720 281 1772 P.
302 1725 333 1772 13
351 1737 376 1771 v.
396 1724 420 1771 0.
457 1716 573 1786 Supple:
610 1715 672 1768 Sive
690 1715 840 1784 pervigiles
858 1721 899 1768 die
917 1726 992 1767 noctu
1009 1735 1109 1782 semper
1123 1715 1282 1782 protegant.

251 1805 281 1860 P.
302 1812 334 1858 20
352 1822 377 1858 v.
398 1810 438 1856 14.
473 1800 564 1868 Lege:
589 1801 620 1852 ut
638 1799 660 1851 si
678 1799 786 1853 suniam
805 1787 854 1853 aut
871 1800 983 1869 volpem
1000 1799 1112 1868 Apelles
1135 1799 1268 1868 pingeret,
1287 1796 1396 1850 bestiae

319 1893 443 1942 sordidae
461 1884 582 1955 pretium
600 1885 724 1939 adderet.

251 1976 282 2028 P.
302 1980 334 2026 22
352 1990 377 2026 v.
396 1978 419 2025 4.
455 1970 545 2038 Lege:
564 1968 683 2023 mollitia
701 1974 819 2022 delicata.

251 2060 281 2112 P.
301 2065 334 2111 44
351 2075 377 2110 v.
398 2062 419 2108 1.
455 2055 542 2122 Lege:
565 2053 679 2122 negotio
700 2059 785 2107 invito.

251 2144 280 2197 P.
300 2149 333 2196 45
350 2160 375 2195 v.
394 2147 418 2194 4.
455 2139 541 2208 Lege:
562 2143 693 2192 Innona.

250 2228 280 2280 P.
300 2233 332 2280 48
350 2244 375 2278 v.
395 2232 418 2279 6.
456 2223 571 2293 Supple:
590 2222 700 2276 0010001
717 2222 746 2274 te
764 2228 894 2299 ooterpem.

250 2313 280 2365 P.
300 2317 333 2364 48
350 2329 375 2363 v.
394 2315 434 2362 24,
470 2307 629 2374 Distingue:
660 2307 853 2374 quodcumque
881 2323 964 2359 ausus
990 2305 1074 2358 fueris
1102 2322 1164 2357 oum
1190 2305 1243 2357 isto
1271 2304 1396 2372 ingenie,

318 2394 451 2464 perficies.

250 2480 280 2532 P.
299 2473 332 2533 48
350 2498 375 2532 v.
395 2478 443 2531 ult.
482 2476 598 2546 Supple:
630 2483 662 2530 de
683 2481 839 2529 lexornatris
866 2480 994 2541 faciendis
1015 2476 1044 2527 iu
1067 2492 1111 2527 me
1134 2477 1236 2542 recipio
1263 2474 1396 2528 vocabula

319 2564 427 2616 duriora
446 2572 544 2628 notare,
562 2567 586 2614 si
603 2567 681 2614 mima
698 2561 823 2630 perfecte
842 2560 1003 2616 absolveris.

251 2651 280 2702 ΡΙ
300 2655 331 2702 01
351 2666 375 2702 v.
397 2653 436 2699 12.
473 2647 559 2714 Lege:
579 2651 713 2712 informior·
729 2644 833 2698 littera.

251 2735 280 2786 Ρ.
300 2740 332 2786 to
350 2750 375 2786 v.
395 2736 428 2783 24
447 2732 474 2783 et
491 2749 518 2799 p.
538 2737 570 2783 ot
589 2748 613 2782 v.
632 2735 655 2782 0.
687 2728 753 2781 Maii
770 2745 902 2797 perversa
919 2729 1106 2799 interpunctio
1125 2729 1396 2798 corrigitureorlem

320 2816 403 2869 modo
423 2830 477 2882 quo
497 2813 572 2881 apud
589 2829 648 2865 nos¹

251 2903 281 2954 P.
299 2907 332 2954 83
350 2918 375 2952 v.
396 2904 435 2950 12.
471 2897 554 2950 Alani
573 2899 601 2951 et
619 2896 714 2950 Orellii
732 2899 931 2963 circumeat.

251 2986 281 3039 Ρ.
302 2991 350 3039 100
367 3002 392 3038 v.
414 2989 453 3035 ll.
489 2982 576 3049 Lege:
596 2986 681 3036 Nihilo
698 2988 776 3050 acopis
795 2985 844 3036 aut
861 2988 924 3036 aiiii
941 3004 971 3038 eo
988 2990 1075 3041 01000.

252 3071 281 3124 P.
301 3076 349 3124 106
367 3087 392 3122 v.
412 3072 436 3122 8.
474 3067 589 3136 Supple:
620 3071 657 3120 lle
676 3074 798 3134 caputium
816 3073 904 3130 110100,
925 3089 997 3137 quam
1014 3074 1075 3122 nileit
1092 3080 1142 3123 iarn
1158 3072 1288 3138 puratum
1308 3072 1396 3137 atque

239 3181 244 3198 ·-
319 3153 486 3223 expeditum.
515 3184 547 3191 η
577 3151 711 3206 Continuo
729 3152 834 3205 Alanus
857 3154 963 3206 mavult
981 3158 1082 3216 Scribe,
1106 3156 1182 3221 quod
1205 3172 1257 3223 ogo
1281 3171 1396 3223 quoque

319 3237 518 3293 commendavi.

251 3326 280 3379 Ρ.
302 3331 348 3377 121
369 3342 392 3377 v.
412 3329 435 3377 5.
471 3322 558 3389 Lege:
589 3327 728 3389 odoramen
742 3321 909 3375 'Armeniaci
928 3324 1002 3389 quod
1026 3326 1202 3376 recusaverat
1219 3326 1395 3378 sumendum.

251 3410 281 3463 P.
301 3415 349 3462 132
372 3426 395 3460 ν.
417 3414 457 3462 13.
493 3406 597 3459 Alanus
620 3406 695 3459 recte
719 3407 825 3459 confert
848 3405 957 3459 Sallust.
978 3407 1057 3461 Catil.
1076 3413 1105 3460 8:
1139 3409 1183 3461 lta
1209 3426 1319 3475 eorum,
1346 3411 1397 3477 qui

319 3495 418 3557 fecere,
436 3491 523 3544 virtus
542 3491 621 3543 tanta
638 3491 766 3555 habetur,
786 3493 920 3557 quantum
933 3492 1026 3544 verbis
1046 3509 1108 3545 eam
1124 3500 1241 3561 potuere
1260 3495 1397 3549 extollere

318 3565 464 3646 praeclara
480 3575 599 3644 ingenia.
625 3574 704 3628 Adde
717 3574 869 3644 Vopiscum
885 3575 914 3627 iu
931 3576 1023 3630 Probo
1036 3577 1065 3629 et
1075 3577 1208 3630 Nostrum
1225 3578 1254 3631 in
1271 3577 1395 3648 Princip.

271 3708 275 3715 .
319 3660 390 3713 Hist.
410 3679 437 3729 p.
458 3667 515 3714 202.

252 3747 282 3798 Ρ.
303 3752 350 3799 138
368 3764 392 3798 v.
414 3752 452 3799 10.
491 3743 559 3797 Cum
577 3743 737 3797 Heindorfio
756 3744 852 3798 scribit
869 3749 1011 3799 acerbitati.

250 3830 280 3883 P.
301 3834 349 3883 150
367 3848 392 3882 v.
413 3836 436 3885 1.
472 3829 559 3896 Lege:
582 3828 710 3883 Plautino
727 3834 798 3897 facto
817 3830 916 3895 verbe,
940 3830 1001 3883 coll.
1021 3831 1109 3884 Bcutl.
1130 3831 1167 3885 ad
1184 3831 1250 3886 Hor.
1271 3832 1305 3885 de
1325 3832 1396 3889 Arte

318 3932 356 3967 vs.
377 3920 417 3967 52.

250 3998 280 4051 Ρ.
301 4004 349 4051 105
367 4016 391 4050 v.
413 4004 451 4049 12.
489 3996 604 4065 Supple:
623 3999 793 4065 nepotesque
810 4006 952 4066 praesidia.

250 4080 280 4134 P.
300 4087 350 4134 204
367 4099 391 4133 v.
410 4086 435 4132 4.
472 4079 543 4142 Quia
560 4080 663 4133 Alanus
683 4081 794 4134 dubitat
812 4083 846 4134 de
863 4084 982 4138 lectione
999 4092 1183 4153 appellandae,
1205 4104 1306 4155 operae
1325 4106 1396 4157 pre-

318 4163 389 4216 tium
407 4166 449 4216 est
466 4163 610 4229 adnotare,
628 4163 748 4218 amioum
766 4182 859 4232 meum
877 4168 945 4221 illud
958 4169 1047 4238 ipsum
1059 4177 1230 4253 appellandae
1248 4172 1278 4224 in
1291 4161 1396 4229 codice
1445 4153 1451 4164 ι

319 4263 463 4299 iuvenisse.

251 4333 281 4384 P.
301 4337 350 4384 220
368 4348 392 4383 v.
413 4336 452 4384 17.
488 4330 593 4384 Alanus
613 4349 722 4400 quoque
740 4333 810 4388 vidit
827 4335 857 4389 in
875 4340 1036 4407 corruptela
1052 4340 1153 4394 latere:
1172 4351 1256 4394 truces
1274 4342 1358 4395 tauri.

251 4416 280 4467 P.
302 4420 351 4467 222
369 4433 394 4467 v.
414 4421 437 4467 2.
475 4414 591 4484 Supple:
610 4423 642 4470 de
660 4425 829 4487 uectigalibus.

175 4539 181 4551 .
251 4500 281 4551 P.
300 4502 349 4551 225
367 4516 391 4550 v.
413 4504 452 4552 19.
488 4500 544 4551 An:
562 4502 698 4569 perpetuo
716 4508 867 4558 substrictoe
886 4510 966 4559 sunt?

251 4584 281 4636 Ρ.
301 4587 350 4636 225
368 4600 392 4636 v.
413 4583 461 4636 ult.
496 4584 601 4637 Iterum
617 4585 700 4639 Alani
718 4589 746 4640 et
763 4588 860 4642 Orellii
878 4592 1074 4656 (υνέμπτωειε.

250 4667 281 4721 Ρ.
300 4672 349 4720 229
368 4684 392 4720 v.
413 4673 452 4720 10.
488 4668 574 4736 Lege:
593 4674 700 4724 leomeris
718 4672 762 4725 vel
780 4677 882 4726 termera
900 4687 1019 4742 coaptas.

250 4751 280 4804 Ρ.
301 4756 349 4804 231
367 4768 391 4803 v.
410 4757 433 4803 2.
470 4751 529 4804 Iam
546 4752 650 4805 Alanus
672 4754 742 4807 vidis
760 4757 964 4811 emendandum
982 4776 1041 4815 esse
1059 4767 1224 4816 condoluisse.

234 4834 280 4903 ΙΡ.
300 4840 350 4887 232
367 4853 392 4887 v.
413 4842 453 4888 13.
489 4835 596 4889 Alanus
615 4854 677 4890 cum
694 4838 830 4907 Haupti0:
854 4854 965 4896 oreomet.

250 4917 280 4971 P.
301 4923 350 4972 234
366 4936 391 4971 v.
411 4924 452 4972 20.
488 4918 575 4988 Lege:
591 4927 751 4991 pariterque,
771 4923 830 4978 coll.
851 4924 905 4979 Cio.
927 4926 961 4981 de
979 4928 1040 4982 Div.
1059 4931 1085 4982 ΙΙ
1104 4936 1143 4997 14,
1162 4938 1203 4984 33.
