3300 6050
429 953 478 1013 AD
495 952 532 1012 M.
546 950 738 1013 CAESAREM
755 957 802 1011 ΕΤ
819 950 972 1011 lNVICEM
991 952 1099 1011 LIBER
1115 952 1160 1012 ΙΙΙ.
1323 954 1366 1023 49

218 1132 334 1209 fabula
357 1132 377 1193 d
400 1181 407 1194 .
432 1180 439 1193 .
465 1181 471 1193 .
496 1131 637 1213 perfecte
660 1129 845 1192 absolberis
879 1127 1057 1191 Plurimum
1079 1129 1139 1192 tibi
1161 1129 1196 1191 in
1220 1131 1364 1193 oratione

221 1233 369 1296 facienda
400 1283 406 1297 .
433 1283 440 1295 .
466 1282 472 1295 .
501 1235 571 1295 tum
604 1232 689 1294 certe
719 1231 846 1314 quidem
875 1230 1004 1293 cottidie
1034 1281 1041 1293 .
1067 1281 1073 1294 .
1099 1281 1105 1294 .
1136 1252 1174 1293 ex
1207 1230 1365 1315 Iugurtha

223 1337 278 1397 aut
293 1356 331 1397 ex
348 1332 497 1398 Catilina.
521 1332 592 1396 Diis
607 1332 755 1415 propitiis
765 1354 866 1415 ,quom
880 1331 1017 1394 Romam
1032 1334 1211 1415 reverteris
1236 1333 1364 1417 exigam

222 1459 241 1499 a
262 1438 294 1499 te
317 1432 434 1521 delnuo
457 1433 580 1522 verlsus
602 1434 743 1497 diurnos.
781 1433 954 1496 Dominam
974 1437 1112 1497 matrem
1134 1436 1225 1497 tuam
1247 1435 1362 1498 saluta.

593 1602 682 1668 XII.
713 1602 885 1684 Magistro
908 1602 995 1668 Meo.

305 1741 394 1805 Duas
416 1762 474 1824 per
495 1741 543 1803 id¹
569 1742 694 1822 tempus
717 1739 871 1822 epistulas
892 1742 966 1802 tuas
984 1740 1102 1822 accepi.
1127 1740 1248 1804 Earum
1263 1741 1364 1805 altera

222 1865 272 1906 me
294 1844 484 1926 increpabas
508 1845 540 1905 et
561 1845 681 1905 temere
704 1840 899 1904 sententiam
926 1841 1091 1923 scripsisse
1121 1843 1291 1926 arguebas:
1321 1843 1371 1907 al›

222 1947 291 2008 tera
313 1966 387 2008 vero
409 1944 520 2013 tuere²
542 1944 684 2006 studium
705 1965 820 2006 meum.
865 1941 1009 2005 Laudet³
1031 1945 1063 2005 te
1086 1942 1184 2006 Baius
1192 1944 1213 2006 ⁴.
1244 1945 1365 2008 Adiuro

223 2049 330 2110 tamen
352 2046 412 2108 tibi
434 2068 548 2128 meam,
572 2067 661 2109 meae
683 2044 806 2126 matris
830 2047 919 2107 tuam
935 2044 1080 2125 salutem,
1104 2045 1184 2108 mihi
1199 2046 1271 2129 plus
1286 2069 1364 2131 gau-

223 2149 266 2211 dii
288 2149 323 2212 in
346 2148 452 2210 animo
476 2151 619 2212 coortum
642 2169 709 2210 esse
731 2146 795 2209 illis
810 2146 875 2209 tuis
896 2146 1056 2228 prioribus
1071 2146 1203 2211 litteris:
1226 2170 1276 2212 me
1298 2171 1364 2212 sae-

222 2250 293 2333 pius
317 2249 511 2313 exclamasse
533 2250 619 2313 inter
641 2249 830 2332 legendum,
860 2269 952 2310 ome
974 2248 1117 2312 felicem!
1141 2248 1250 2332 Itane,
1281 2252 1366 2315 dicet

223 2351 347 2434 aliquis,
371 2350 498 2414 felicem
520 2353 563 2433 te,
588 2350 615 2414 si
638 2352 687 2413 est
709 2350 763 2433 qui
785 2352 818 2412 te
841 2349 953 2412 doceat
975 2350 1130 2432 quomodo
1151 2355 1282 2431 γνώμην
1305 2353 1365 2415 sol-

221 2453 344 2534 lertius,
369 2452 547 2534 dilucidius,
571 2452 709 2534 brevius
733 2451 865 2535 politius
888 2452 1032 2515 scribas?
1055 2474 1120 2515 non
1136 2453 1196 2516 hoc
1218 2454 1365 2536 estquod
1412 2478 1415 2485 ¹

222 2577 273 2617 me
294 2554 422 2618 felicem
443 2575 604 2636 nuncupo.
639 2552 722 2628 Quid
744 2557 793 2617 est
814 2553 939 2638 igitur?
955 2554 1044 2638 quod
1066 2576 1177 2618 verum
1199 2555 1303 2619 dicere
1326 2577 1365 2619 ex

222 2659 255 2719 te
278 2656 393 2719 disco⁵.
417 2655 466 2718 Ea
488 2677 538 2718 res
560 2677 671 2718 verum
689 2655 713 2739 ll
729 2655 834 2719 dicere
860 2678 1007 2739 prorsum
1036 2655 1097 2719 diis
1119 2656 1365 2742 hominibusque

223 2758 336 2822 ardua:
363 2757 488 2820 nullum
516 2757 652 2840 denique
680 2760 747 2821 tam
773 2757 973 2842 veriloquum
1000 2757 1164 2820 oraculum
1193 2762 1250 2842 est,
1287 2761 1365 2842 quin

223 2859 343 2943 aliquid
366 2859 517 2941 ancipitis
543 2858 595 2921 vel
617 2858 737 2943 obliqui
767 2859 817 2922 vel
840 2859 976 2943 inpediti
1003 2858 1132 2941 habeat,
1165 2882 1226 2944 quo
1255 2861 1365 2944 inpru-

223 2961 349 3026 dentior
370 2961 551 3025 inretiatur.
596 2959 658 3023 ΕΗ
682 3011 689 3025 .
715 2960 838 3025 ,olunt
866 2961 1043 3045 captiosum
1072 2961 1193 3025 dictum
1214 2963 1365 3048 opinatus

224 3065 406 3147 captionem
427 3067 501 3146 post
521 3066 647 3146 tempus
671 3085 708 3126 ae
729 3064 829 3146 neget
852 3113 859 3126 .
885 3114 891 3127 .
915 3085 972 3126 sen
997 3113 1003 3128 .
1029 3113 1036 3126 .
1059 3066 1115 3126 tua
1138 3115 1145 3127 .
1171 3115 1177 3129 .
1202 3068 1365 3131 atantum

202 3178 230 3230 '.
251 3216 258 3229 .
276 3187 380 3229 errore
398 3169 555 3249 quantum
573 3216 579 3227 .
599 3215 605 3227 .
624 3164 707 3227 atius
728 3187 750 3227 u
767 3214 774 3228 .
793 3215 799 3228 .
825 3164 996 3228 confestim
1016 3164 1121 3245 ipsam
1137 3216 1144 3228 .
1163 3217 1169 3229 .
1187 3189 1238 3229 am
1260 3171 1365 3231 osten-

223 3267 304 3332 dunt
326 3268 395 3331 sine
417 3267 530 3330 fraude
553 3269 586 3329 et
606 3266 747 3329 inventis
770 3266 885 3330 verbis
930 3266 1043 3350 ltaque
1072 3266 1223 3337 haberem
1250 3272 1282 3332 et
1304 3270 1365 3333 tibi

222 3369 345 3452 gratias
375 3390 503 3453 agerem
531 3368 597 3431 sive
625 3418 631 3431 .
657 3417 664 3430 .
690 3417 696 3430 .
725 3367 820 3430 simul
847 3371 879 3430 et
907 3368 1015 3432 audire
1044 3391 1154 3432 verum
1182 3392 1233 3432 me
1260 3371 1363 3435 doces,

222 3470 349 3553 Duplex
370 3471 473 3554 igitur
496 3521 502 3533 .
528 3520 534 3532 .
559 3492 600 3533 ne
622 3469 746 3532 valeam
768 3472 817 3532 set
836 3491 871 3531 re
893 3491 988 3552 quom
1009 3470 1070 3533 tibi
1093 3520 1100 3533 .
1125 3521 1132 3533 .
1156 3492 1216 3554 exp
1241 3521 1248 3534 .
1271 3522 1278 3535 .
1301 3473 1365 3536 nisi

224 3622 230 3636 .
257 3622 264 3635 .
288 3573 342 3656 qui
365 3572 432 3635 sint
456 3622 462 3635 .
488 3622 494 3635 .
518 3574 628 3634 tamen
657 3571 736 3633 mihi
758 3572 914 3635 minorem
936 3565 1072 3654 gloriam
1093 3574 1163 3634 tum
1186 3622 1193 3635 .
1218 3622 1225 3635 .
1249 3572 1300 3636 die
1324 3623 1330 3636 .
1356 3623 1363 3637 .

207 3674 314 3763 'vacui
339 3671 455 3760 [llicuit
477 3695 527 3737 me
545 3724 551 3737 .
570 3724 576 3737 .
594 3673 675 3738 benc
699 3676 731 3741 et
755 3724 786 3737 ..
811 3695 1004 3757 excerpere.
1023 3723 1030 3736 .
1053 3673 1209 3756 paulatim
1233 3698 1305 3737 ..n
1319 3676 1364 3739 mi

224 3826 256 3840 ..
282 3778 330 3838 est
352 3775 437 3838 enim
462 3825 494 3839 ..
518 3776 593 3859 qui.
610 3775 751 3839 laborem
774 3775 827 3839 hic
849 3778 917 3838 rect
941 3825 973 3839 ..
997 3775 1065 3837 oria
1086 3797 1144 3859 per
1161 3826 1167 3839 .
1186 3825 1192 3839 .
1211 3826 1217 3839 .
1235 3776 1306 3839 vale
1320 3778 1365 3840 mi

225 3927 258 3941 ..
282 3898 323 3939 ne
346 3879 378 3939 et
399 3877 518 3959 optime
535 3927 567 3940 ..
591 3877 710 3960 optime
726 3880 835 3941 orator
857 3877 903 3941 sic
923 3899 955 3938 m
979 3927 1011 3940 ..
1035 3878 1159 3940 venisse
1186 3880 1320 3962 gaudeo
1340 3879 1364 3964 1⁸

222 3978 362 4042 Domina
383 4000 454 4041 mea
476 3981 508 4042 te
531 3978 658 4043 salutat.
1065 3965 1069 3973 ’

226 4119 421 4128 ,.-.-.,--

309 4172 322 4217 1
342 4162 502 4233 Schopenus
522 4166 550 4219 et
567 4162 716 4233 Hauptius:
735 4170 809 4219 idem.

306 4255 322 4302 2
341 4248 459 4303 Orellius
476 4250 595 4302 mavult:
615 4254 726 4306 tuebare.

307 4340 322 4388 3
341 4332 444 4387 Codex:
463 4338 575 4387 laudent.
696 4405 701 4410 0
934 4354 936 4356 ’

306 4425 323 4471 4
339 4417 428 4471 Maius
445 4418 563 4471 mavult:
584 4422 687 4472 Bauius.
724 4418 821 4488 Virgil.
840 4418 897 4473 Ecl.
917 4419 964 4485 ΠΙ,
976 4425 1017 4473 90.
1054 4417 1110 4474 Sed
1126 4419 1270 4489 ingeniose
1288 4422 1364 4476 Orel-

221 4501 288 4556 lius:
306 4508 414 4557 studium
431 4523 515 4563 rreum,
534 4509 608 4556 laude
621 4524 658 4556 me
670 4507 756 4561 beans.
780 4504 917 4572 Hauptius
930 4521 996 4559 vero
1011 4505 1047 4558 ad
1060 4505 1139 4559 Ovid.
1151 4505 1271 4560 Halieut.
1282 4513 1362 4575 p.40:

222 4595 289 4643 tueri
304 4594 411 4643 studium
428 4607 505 4641 meum
521 4593 595 4640 laude
613 4592 743 4641 nitebaris.

308 4679 323 4726 5
340 4672 435 4730 Verba
453 4678 539 4725 dicere
557 4691 592 4724 ear
610 4683 634 4725 te
652 4678 723 4725 diseo
742 4692 773 4725 ea
785 4692 828 4725 res
840 4693 921 4726 uerum
934 4674 1090 4727 scribuntur
1100 4674 1256 4741 posteriore
1268 4692 1361 4730 manu.

308 4763 323 4809 6
342 4756 472 4825 Sequitur
491 4755 557 4809 Cod.
570 4755 633 4810 Vat.
653 4774 679 4825 p.
695 4762 751 4808 112.
770 4755 868 4808 itidem
885 4756 974 4824 nigra.

308 4848 323 4894 7
341 4833 569 4909 Insequentibus
587 4840 693 4895 lacunis
711 4857 799 4908 usque
822 4840 859 4893 ad
876 4840 1011 4908 epistulae
1032 4842 1114 4895 finem
1136 4842 1221 4911 periit
1242 4845 1362 4912 paginae

222 4941 288 4995 pars
305 4924 395 4977 minus
413 4925 535 4979 dimidia.
572 4931 665 4980 Maius.

308 5014 324 5062 8
341 5010 443 5079 Incipit
461 5009 525 5064 Ood.
546 5009 636 5064 Vatic.
655 5030 682 5080 p.
697 5016 752 5064 111.

260 5128 360 5168 FRON'I'.
374 5129 409 5164 ΕΤ
422 5130 522 5167 AUREL.
536 5132 625 5171 EPIST.
1140 5097 1162 5163 4
