3300 6050
427 888 476 942 AD
494 888 716 946 ANTONINUM
732 891 804 945 IMP.
823 891 871 944 ΕΤ
888 890 1041 945 INVIOEM
1056 891 1165 945 LIBER
1181 891 1215 945 ΙΙ.
1333 892 1394 956 105

250 1060 334 1145 quod
355 1061 477 1144 legam,
511 1062 562 1125 vel
588 1066 680 1126 tuum
702 1063 776 1126 aut¹
800 1061 932 1128 Catonis
960 1061 1033 1126 aut²
1057 1061 1220 1128 Ciceronis
1248 1062 1394 1127 1111811-

249 1163 339 1229 lustii
362 1166 417 1239 1111
440 1163 579 1230 Gracchi
601 1170 657 1230 aut
679 1168 792 1249 poetae
808 1163 959 1227 alicuius:
982 1169 1087 1250 χρῄζω
1109 1165 1171 1244 γὰρ
1194 1164 1393 1248 ἀναπαύληε,

252 1268 285 1332 11
306 1266 443 1330 maxime
465 1266 527 1331 hoc
554 1288 673 1352 genus,
708 1288 789 1351 quae
817 1287 868 1329 me
896 1265 991 1330 lectio
1022 1265 1155 1330 extollat
1182 1269 1215 1330 11
1236 1266 1395 1330 diffundat

251 1370 372 1436 ἐκτῶν
395 1374 628 1451 κατειληφυιῶν
652 1369 845 1452 φροντίδων.
890 1367 1000 1431 Etiam
1022 1368 1049 1431 si
1070 1369 1212 1432 Lucretii
1235 1372 1290 1432 cut
1304 1368 1394 1432 Enni

252 1474 402 1555 excerpta
423 1470 522 1535 habes
545 1472 679 1553 εὔφωνα
778 1471 878 1554 3φρα,
901 1473 934 1533 11
955 1469 1057 1534 sicubi
1079 1472 1178 1551 dcccc
1201 1471 1358 1553 ἐμφάεειε.

319 1652 322 1656 “
414 1641 467 1706 ΙΙ.
498 1641 649 1707 Bomino
670 1641 746 1707 Meo
768 1638 951 1707 Antonino
973 1636 1064 1722 Aug.
1086 1639 1235 1706 Fronto.

334 1759 385 1824 Ne
408 1780 467 1844 ego
489 1763 562 1843 post
583 1759 728 1825 homines
751 1762 844 1824 natos
867 1762 900 1824 et
921 1760 1043 1822 locutos
1070 1758 1213 1822 omnium
1234 1759 1395 1822 facundis-

251 1861 349 1925 simus
371 1861 508 1945 habear‚
540 1885 612 1927 cum
634 1865 670 1927 tu
688 1861 732 1928 M.
748 1861 861 1926 Aureli
888 1883 960 1926 mea
981 1861 1102 1945 scripta
1123 1861 1250 1925 lectitas
1272 1864 1306 1925 et
1323 1882 1395 1944 pro-

251 1963 308 2028 bas
332 1963 357 2049 Ι4
380 1967 413 2028 11
434 1963 591 2028 lucrativa
612 1967 669 2028 tua
690 1964 726 2028 in
747 1964 849 2028 tantis
876 1963 1016 2048 negotiis
1047 1967 1193 2047 tempora
1218 1963 1298 2027 meis
1320 1985 1395 2046 quo·

251 2087 313 2148 que
334 2065 532 2129 orationibus
553 2065 699 2149 legendis
716 2087 878 2150 occupare
905 2086 972 2130 non
1000 2065 1114 2129 inutile
1139 2065 1200 2129 tibi
1226 2065 1395 2130 arbitraris

251 2188 312 2232 nec
333 2167 579 2231 infructuosum.

337 2267 427 2344 Quod
449 2269 516 2333 sive
539 2290 645 2333 amore
667 2269 818 2333 inductus
848 2270 945 2332 etiam
967 2269 1100 2354 ingenio
1121 2290 1192 2333 meo
1215 2268 1393 2352 delectaris,
1472 2287 1477 2292 ·

251 2371 453 2435 beatissimus
477 2371 622 2454 equidem
644 2393 729 2454 sum,
760 2371 844 2455 quod
866 2371 926 2435 tibi
948 2375 1016 2435 tam
1038 2392 1109 2434 sum
1132 2392 1223 2434 carus
1229 2421 1238 2454 ‚
1268 2374 1305 2435 ut
1327 2393 1395 2435 esse

252 2472 361 2536 videar
390 2473 488 2537 etiam
517 2474 669 2538 disertus:
703 2472 769 2537 sive
796 2473 844 2537 111
871 2495 981 2537 censes
1010 2476 1105 2557 atque
1133 2473 1180 2536 ita
1201 2472 1318 2537 iudicio
1339 2475 1395 2537 tuo

252 2578 284 2639 et
306 2575 405 2638 animi
428 2576 590 2640 sententia
612 2575 772 2657 decernis,
809 2574 889 2639 mihi
916 2597 1040 2659 quoque
1068 2575 1133 2639 iam
1160 2574 1297 2638 disertus
1326 2575 1395 2639 iure

253 2677 393 2760 videbor,
417 2678 569 2761 quoniam
590 2678 700 2742 videar
721 2677 792 2742 tibi.

337 2778 427 2854 Quod
448 2800 523 2843 vero
544 2779 647 2863 patris
669 2779 716 2844 tui
739 2779 849 2843 laudes
873 2800 956 2842 ame
978 2780 1014 2843 in
1036 2782 1151 2842 senatu
1173 2778 1341 2863 designato
1363 2783 1396 2844 11

251 2880 333 2944 inito
357 2881 525 2944 consulatu
551 2901 622 2946 meo
650 2881 774 2945 dictas⁵
805 2880 915 2965 legisti
942 2880 1094 2964 libenter,
1122 2880 1254 2944 minime
1281 2882 1395 2946 miror:

150 3070 152 3074 ,
251 3002 390 3065 namque
412 2984 448 3045 tu
464 2981 601 3048 Parthos
624 2982 721 3047 etiam
743 2986 776 3049 et
789 2982 928 3048 Hiberos
951 3005 1008 3048 sua
1029 2983 1142 3069 lingua
1157 2985 1283 3067 patrem
1304 2985 1396 3048 tuum

251 3082 421 3147 laudantes
443 3104 501 3168 pro
523 3084 655 3147 summis
677 3086 860 3150 oratoribus
883 3085 1003 3150 audias

336 3184 406 3249 Neo
426 3207 531 3249 meam
552 3186 741 3269 orationem,
765 3186 820 3251 sed
842 3186 944 3271 patris
966 3186 1014 3250 tui
1028 3187 1181 3251 virtutem
1196 3187 1330 3251 miratus
1348 3210 1393 3271 11,

252 3309 312 3352 nec
334 3287 510 3351 laudatoris
533 3287 639 3370 verba,
663 3288 719 3353 sed
740 3288 863 3353 laudati
883 3288 972 3352 facta
994 3288 1131 3352 laudasti
1140 3301 1163 3352 ².

335 3388 384 3453 De
405 3388 471 3453 tuis
494 3390 591 3454 etiam
613 3389 777 3474 laudibus,
809 3411 889 3474 quas
916 3389 952 3453 in
979 3393 1094 3454 senatu
1122 3389 1232 3453 eadem
1259 3390 1316 3455 illa
1344 3391 1395 3455 die

251 3491 379 3574 protuli,
403 3491 450 3555 111
472 3491 592 3555 sentias
614 3491 725 3557 velim:
747 3495 828 3556 tuno
848 3491 884 3555 in
905 3494 938 3555 te
961 3491 1110 3555 eximiam
1129 3490 1269 3555 indolem
1283 3492 1393 3577 fuisse,

251 3614 339 3657 nuno
367 3615 524 3658 summam
550 3593 718 3657 virtutem:
750 3593 879 3677 frugem
904 3595 983 3658 tuno
1016 3593 1052 3657 in
1079 3596 1188 3678 segete
1215 3593 1394 3678 florentem,

251 3716 339 3758 nunc
359 3716 495 3758 messem
516 3695 694 3779 perfectam
716 3697 748 3759 et
769 3693 884 3759 horreo
907 3696 1078 3760 conditam.
1114 3693 1289 3778 Sperabam
1303 3700 1393 3780 tunc,

251 3794 354 3859 habco
375 3818 478 3861 nuno:
507 3819 579 3881 spes
600 3797 636 3860 in
657 3818 725 3861 rem
754 3796 963 3870 convertitlb.
1007 3796 1098 3872 Quod
1126 3800 1233 3861 autem
1260 3798 1347 3862 mitti
1375 3822 1394 3863 a

251 3918 302 3960 me
323 3896 384 3961 tibi
406 3897 576 3981 postulasti
599 3898 739 3982 acceptis
763 3947 1392 3963 ....................

337 4149 354 4187 1
371 4136 405 4187 ln
422 4132 547 4204 marbino:
566 4134 624 4190 Nec
641 4152 734 4190 meam
751 4166 784 4174 -
800 4134 929 4189 laudasti.

336 4217 354 4270 b
373 4221 407 4271 ln
424 4223 549 4287 momine:
567 4218 646 4273 Tunc
664 4220 774 4289 frugem
790 4220 820 4273 in
839 4236 896 4289 seg.
915 4219 974 4275 flor.
994 4250 1027 4260 -
1045 4219 1190 4275 convertit.

339 4359 352 4405 1
370 4352 461 4407 Maius
478 4353 549 4422 legit
566 4361 612 4407 vel.

336 4442 352 4490 2
369 4434 533 4490 Evsnidum.

336 4529 352 4576 3
370 4520 497 4591 Spatium
520 4523 639 4590 quatuor
660 4524 719 4579 fere
736 4524 900 4580 litterarum.
937 4523 1088 4580 Iacobsius:
1113 4527 1231 4593 εὔφωνα
1250 4530 1351 4594 ετιφρὰ
1368 4538 1394 4581 et

250 4616 325 4660 Μαι
335 4608 502 4757 1611111111
520 4689 585 4745 Cod.
605 4692 700 4745 Ambr.
720 4710 747 4761 p.
761 4698 811 4749 233
830 4692 969 4762 scriptura
986 4694 1087 4762 fugaci.

336 4779 352 4827 5
370 4774 429 4827 Imo
447 4774 530 4844 paulo
548 4774 700 4844 posterius:
720 4777 753 4830 cf.
773 4777 809 4831 ad
827 4778 864 4831 Μ.
879 4776 955 4833 Caes.
975 4779 1033 4845 1‚a.

336 4862 352 4910 6
370 4858 413 4912 Ita
430 4876 511 4914 sensu
528 4862 627 4916 neutro
646 4860 731 4916 etiam
747 4861 777 4915 in
793 4862 949 4931 penultima
965 4862 1090 4919 Alsiensi.
1114 4867 1209 4919 Maius.
1239 4864 1294 4918 Pro
1312 4869 1393 4921 tabeo

252 4940 345 4998 Codex
361 4960 404 5013 pr.
422 4961 459 4999 m.
479 4950 550 5000 abeo.
