3300 6050
263 852 322 915 198
471 849 507 901 Μ.
528 847 696 901 CORNELII
714 844 921 899 FRONTONIS
940 844 1194 898 EPISTULARUM

349 1017 516 1080 ¹Proculus
542 1067 548 1080 .
575 1067 581 1079 .
609 1068 615 1080 .
642 1067 648 1079 .
679 1016 846 1079 biennium
873 1015 952 1078 illud
977 1066 983 1079 .
1010 1066 1016 1078 .
1043 1067 1049 1079 ,
1075 1019 1124 1079 est
1148 1066 1154 1078 .
1183 1066 1189 1079 .
1216 1067 1222 1079 .
1268 1017 1401 1082 Homini

260 1121 327 1183 seni
350 1119 502 1202 quidquid
523 1119 654 1182 interim
676 1117 713 1181 fit
720 1168 728 1198 ,
752 1118 843 1180 iuxta
864 1116 996 1180 interim
1017 1118 1098 1180 fita.
1120 1167 1127 1180 .
1154 1168 1160 1180 .
1188 1167 1194 1180 .
1219 1119 1402 1203 inrogatam

261 1221 494 1304 ..praevertit
519 1222 551 1282 et
571 1219 826 1302 quinquennium
841 1219 876 1282 in
898 1219 1073 1282 triennium
1097 1220 1224 1283 artavit.
1255 1219 1401 1304 Namque

259 1344 364 1386 meum
389 1373 395 1385 .
422 1372 428 1385 .
452 1321 610 1385 letatum
635 1372 641 1384 .
668 1371 675 1384 .
704 1321 795 1382 nium
816 1321 897 1383 facit
920 1370 927 1384 .
954 1371 960 1383 .
993 1320 1166 1384 clementer
1190 1371 1399 1385 .......

261 1471 1208 1488 .............................
1241 1422 1283 1484 (²
1326 1423 1401 1486 Pro-

261 1527 350 1589 culus
372 1525 467 1588 homo
488 1525 622 1608 ingenio
646 1525 685 1586 ad
709 1527 814 1587 cetera
837 1524 969 1586 remisso
992 1527 1024 1586 et
1040 1523 1186 1605 delicato,
1212 1524 1267 1588 sed
1282 1525 1316 1587 in
1332 1547 1403 1588 sen-

259 1628 371 1691 tentiis
394 1625 539 1690 dicundis
556 1626 596 1688 ad
617 1625 815 1708 puniendum
837 1624 933 1708 paulo
953 1624 1172 1689 vehementior
1188 1628 1220 1688 et
1235 1625 1404 1689 infestior3

263 1779 269 1792 .
296 1779 303 1792 .
327 1728 475 1811 Plerique
504 1728 543 1789 ad
567 1729 671 1790 cetera
705 1724 882 1813 [minime]⁴
910 1726 1000 1808 serii,
1029 1727 1065 1789 in
1092 1726 1261 1789 iudicando
1293 1729 1403 1790 tamen

262 1831 366 1913 asperi
387 1829 493 1910 fuere3
525 1828 648 1892 scilicet
675 1831 712 1891 ut
733 1850 791 1911 pro
814 1827 984 1890 severitate
1011 1850 1073 1910 qua
1105 1827 1268 1911 carebant,
1292 1829 1402 1892 obten-

263 1931 333 1994 sui⁵
355 1930 522 1993 saevitiam
545 1930 790 1993 subornarentb.

345 2031 517 2095 Biennium
538 2035 617 2094 tunc
639 2031 677 2095 de
702 2081 708 2093 .
735 2080 742 2094 .
766 2030 857 2094 dem6
872 2031 1044 2095 Volumnio
1059 2053 1117 2114 pro
1135 2081 1245 2094 .....
1263 2053 1350 2096 nunc
1368 2082 1375 2095 .
1396 2081 1403 2096 .

264 2135 427 2199 biennium
448 2134 516 2197 vita
540 2184 547 2196 .
574 2183 580 2195 .
606 2132 659 2216 agi
683 2155 701 2195 a
723 2137 755 2195 te
781 2183 813 2195 ..
837 2133 926 2196 entia
947 2135 1004 2195 tua
1026 2154 1076 2196 res
1101 2183 1108 2195 .
1134 2183 1140 2196 .
1165 2133 1292 2197 detrahi
1314 2135 1405 2218 igno-

261 2235 395 2299 miniam
416 2235 540 2299 iusseris
562 2234 744 2317 nepotibus,
774 2255 892 2317 genere
924 2233 1093 2315 adfinibus,
1118 2234 1232 2316 quibus
1257 2285 1263 2297 .
1289 2286 1296 2297 .
1320 2236 1404 2298 domi

263 2340 388 2420 patrem
420 2337 595 2415 fratresque
624 2334 799 2418 reliqueris.
840 2334 984 2399 -Subleva
1018 2335 1235 2398 misericordia
1268 2339 1406 2400 aetatem

263 2438 454 2502 familiarem
482 2437 541 2500 tibi
570 2443 602 2500 et
624 2437 794 2520 patritamc
819 2487 827 2500 .
854 2487 860 2498 .
887 2487 893 2498 .
920 2436 947 2498 ‚⁷
977 2439 1008 2498 et
1037 2436 1235 2516 rescindasl⁸
1260 2487 1266 2498 .
1293 2487 1299 2499 .
1323 2437 1404 2500 inte-

263 2540 324 2602 rim
346 2540 394 2602 dis
419 2591 425 2602 .
451 2589 457 2601 .
481 2539 532 2602 vel
553 2542 642 2601 tutus
665 2560 737 2600 eum
759 2539 786 2600 si
808 2538 875 2600 vita
900 2588 906 2599 .
934 2587 940 2598 .
964 2536 1014 2600 vel
1036 2537 1124 2600 dolor
1149 2588 1155 2600 .
1182 2586 1189 2599 .
1214 2538 1341 2601 decurio
1365 2589 1371 2600 .
1398 2587 1404 2601 .

264 2663 354 2724 pec.
382 2691 388 2703 .
413 2644 445 2703 te
471 2655 639 2703 .’.111111111
669 2688 676 2702 .
703 2690 708 2701 .
738 2639 773 2701 in
800 2642 833 2702 te
858 2689 864 2702 .
892 2689 898 2701 .
922 2641 1014 2702 neret
1043 2639 1096 2722 qui
1129 2690 1135 2701 .
1163 2690 1169 2701 .
1193 2661 1320 2702 omnem
1348 2661 1406 2722 pro

265 2742 474 2806 decurionatu
501 2732 671 2824 pecuniam
698 2740 911 2823 dependisset.
958 2738 1057 2803 Sibi.
1084 2791 1091 2802 .
1116 2741 1149 2803 ni
1174 2793 1179 2804 .
1205 2791 1211 2803 .
1235 2763 1328 2821 num,
1360 2741 1406 2802 fili

267 2895 273 2907 .
300 2894 306 2906 .
331 2844 366 2906 ni
390 2895 396 2905 .
421 2864 502 2926 quae
527 2894 532 2905 .
559 2892 565 2905 .
592 2893 598 2905 .
621 2843 749 2925 quidem
770 2840 931 2904 interdum
953 2841 1054 2904 facias
1079 2892 1085 2903 .
1112 2893 1117 2904 .
1145 2844 1173 2903 ‚⁹

351 3097 367 3132 a
385 3083 418 3131 In
436 3086 561 3147 margine:
580 3079 692 3133 Homini
708 3080 786 3132 iuxta
802 3079 915 3132 interim
933 3080 971 3132 fic.

350 3163 368 3215 b
387 3168 421 3216 In
438 3169 563 3232 marqine:
582 3163 709 3232 Plerique
728 3164 764 3216 ad
783 3164 877 3216 cetera
892 3161 1004 3215 UISINI
1024 3207 1028 3215 .
1050 3206 1055 3216 .
1074 3164 1113 3216 Nl
1131 3163 1246 3217 serii-
1265 3164 1407 3227 carebant,

268 3249 317 3302 obt
337 3292 341 3300 .
364 3292 368 3300 .
390 3291 394 3300 .
413 3248 442 3301 ui
460 3265 533 3303 saer.
553 3249 745 3304 subornarent.

353 3338 418 3386 cl'n
435 3339 559 3402 marqinc:
579 3331 699 3386 Subleva
717 3333 839 3386 aetatem
856 3334 874 3385 f.
895 3334 913 3384 t.
934 3334 963 3385 et
980 3334 1069 3401 patr.
1092 3375 1096 3383 .
1119 3375 1124 3383 .
1144 3350 1179 3385 m.

355 3543 366 3589 1
390 3537 491 3606 Incipit
512 3537 601 3590 altera
623 3536 757 3590 columna.
781 3566 814 3573 -
843 3535 916 3588 Num
937 3534 993 3604 ille¹
1007 3535 1138 3588 Proculus
1157 3536 1193 3588 ad
1212 3552 1295 3601 quem
1313 3535 1408 3589 rescri-

268 3624 383 3691 pserunt
401 3620 457 3675 divi
473 3622 575 3674 fratres
594 3620 650 3688 dig.
669 3618 766 3673 XXVI.
787 3625 809 3672 5.
830 3625 879 3671 24?
909 3624 1003 3673 incius.

354 3714 369 3760 2
387 3705 518 3774 Sequitur
536 3703 603 3757 eod.
621 3723 649 3774 p.
669 3710 726 3770 299,
747 3703 821 3757 cuius
839 3719 940 3756 novem
956 3703 1039 3772 primi
1057 3719 1150 3756 versus
1168 3704 1239 3758 erasi
1258 3705 1329 3757 sunt.

355 3798 369 3843 3
388 3789 454 3845 Ood.
474 3792 505 3843 ut
523 3789 611 3844 amico
631 3789 742 3858 quidem
760 3788 919 3842 videbatur:
940 3793 1056 3841 dicendis
1068 3793 1111 3841 ad.
1125 3793 1258 3842 uniendum
1273 3796 1350 3857 paulo
1363 3802 1409 3842 ιιι.

272 3916 359 3932 .....
374 3880 432 3928 inor
450 3886 475 3928 et
492 3879 569 3940 infert
584 3917 589 3928 .
605 3914 610 3927 .
625 3914 630 3925 .
644 3873 800 3927 Particulae
813 3878 849 3926 ad
864 3873 951 3941 postr.
962 3870 1015 3924 litt.
1036 3888 1120 3941 aegre
1139 3872 1319 3941 distinguitur
1336 3875 1365 3927 et
1381 3874 1410 3925 in

268 3966 421 4029 paeniendum
443 3959 496 4012 litt.
517 3981 532 4011 a
550 3976 565 4012 e
584 3957 755 4011 correctione
774 3958 822 4010 est.
860 3955 948 4009 Maius
967 3956 1063 4009 scribit
1085 3958 1176 4024 [paulo
1195 3958 1312 4025 dari]0r‚
1337 3958 1411 4025 qnod

271 4061 326 4098 non
344 4043 445 4097 sufficit
463 4043 499 4097 ad
517 4041 638 4111 spatium
656 4040 829 4109 explendum.

355 4128 432 4181 elta
449 4126 547 4181 Maius.
572 4125 616 4178 Du
633 4125 704 4178 Rieu
716 4142 731 4178 e
743 4124 870 4192 margine
889 4125 1046 4193 descripsit:
1066 4124 1176 4178 UISJNI
1195 4169 1200 4177 .
1222 4170 1226 4178 .
1246 4127 1296 4178 NI:
1315 4126 1410 4194 itaque

272 4213 388 4266 fortasse
405 4211 532 4280 praestat
549 4214 596 4263 visi
613 4214 716 4264 minime.

356 4302 372 4350 5
388 4294 510 4349 Ultimae
527 4293 638 4347 litterae
655 4294 777 4348 incertae
795 4294 870 4348 visae
888 4296 965 4359 sunt,
986 4297 1047 4347 tum
1063 4295 1093 4347 in
1110 4297 1189 4348 textu
1210 4296 1272 4347 tum
1293 4294 1322 4347 in
1340 4313 1412 4348 mar»

272 4380 344 4447 gine.
380 4378 470 4436 Maius
488 4384 582 4433 tamen
601 4376 702 4432 diserte
720 4379 843 4433 affirmat
860 4395 888 4431 se
906 4380 1024 4446 utroque
1046 4379 1108 4432 loco
1125 4378 1227 4447 legisse
1246 4379 1321 4446 quod
1339 4379 1410 4432 dedi.

358 4470 373 4517 6
391 4464 435 4518 Ita
451 4462 547 4517 Maius.
584 4463 694 4516 Amicus
713 4462 851 4516 distmxit:
869 4464 936 4515 tunc
953 4461 1050 4516 DCEN
1069 4507 1074 4516 .
1095 4507 1100 4517 .
1122 4506 1127 4516 .
1146 4462 1285 4519 ennon.

357 4555 370 4601 7
389 4548 501 4602 Amicus
517 4547 599 4602 vidit:
617 4554 739 4617 patritam
759 4590 763 4600 .
785 4591 789 4600 .
809 4548 860 4600 N.
880 4546 920 4600 CS
940 4591 945 4599 .
967 4591 972 4600 .
993 4590 1000 4604 .
1019 4591 1024 4600 .
1043 4547 1090 4601 ΕΤ
1109 4553 1249 4601 rescindas,

358 4637 373 4685 8
392 4632 522 4702 Sequitur
540 4632 606 4687 dod.
625 4652 654 4702 p.
673 4639 730 4688 298.

358 4724 373 4771 9
391 4718 434 4770 Ad
452 4718 534 4772 finem
552 4718 685 4787 epistulae
703 4718 774 4771 latet
791 4735 876 4770 unum
892 4717 1021 4783 verbum,
1044 4717 1119 4784 quod
1135 4716 1229 4784 legere
1251 4734 1307 4771 non
1325 4717 1411 4785 potui.

274 4805 306 4857 In
328 4802 407 4856 huius
430 4804 523 4857 autem
544 4803 665 4872 paginae
687 4804 844 4870 postremae
865 4791 970 4854 lacunis
992 4802 1083 4855 latent
1104 4817 1198 4855 versus
1215 4800 1318 4853 XXIII:
1348 4818 1412 4853 nam

275 4904 355 4941 versu
374 4888 473 4956 quarto
492 4889 520 4941 et
537 4885 667 4941 vicesimo
686 4885 783 4955 incipit
800 4902 916 4952 sequens
934 4885 1061 4954 epistula.
1098 4888 1192 4941 Maius.
