3300 6050
1276 798 1287 826 0

677 868 958 923 PROLEGOMENA.
1293 888 1393 934 xxvii

252 1044 381 1127 scripsit
408 1043 559 1126 epistolas
588 1043 628 1105 ad
650 1041 854 1106 Victorinum
881 1045 914 1105 64
935 1041 1128 1106 Praecilium
1149 1041 1391 1124 Pompeianum,

253 1147 293 1210 ad
315 1146 388 1210 Am.
412 1145 439 1227 I,
466 1145 513 1207 l4.
541 1145 596 1227 15,
620 1139 653 1208 id
675 1145 759 1228 quod
781 1147 1009 1228 argumentum
1031 1144 1109 1207 satis
1131 1144 1282 1207 declarat.

337 1246 490 1331 Sequenti
512 1268 597 1309 anuo
622 1247 682 1309 144
702 1247 738 1309 in
761 1247 854 1328 epist.
871 1245 912 1328 V,
929 1247 972 1310 34
993 1245 1113 1309 Fronto
1136 1246 1274 1310 amicum
1295 1270 1393 1330 queu-

253 1351 326 1413 dam
348 1371 440 1412 suum
462 1348 572 1411 Marco
596 1348 812 1431 commendat3
837 1349 1029 1430 rescriptum
1051 1348 1196 1412 Caesaris
1219 1351 1268 1412 est
1281 1348 1323 1431 V,
1340 1349 1392 1413 35.

253 1451 373 1516 Contra
394 1450 435 1532 V,
459 1451 500 1514 36
528 1450 646 1516 Caesar
667 1451 775 1514 nescio
798 1472 891 1534 quem
914 1450 1118 1513 commendat
1140 1451 1242 1514 amico
1264 1451 1299 1514 iu
1321 1473 1394 1535 pro-

252 1553 393 1616 vinciam
413 1555 507 1616 ituro.
538 1553 660 1617 lterum
682 1553 719 1615 de
743 1553 838 1616 amici
861 1551 1025 1620 cuiusdam
1047 1552 1142 1615 rebus
1158 1556 1207 1616 est
1221 1552 1394 1616 Frontonis

253 1656 346 1738 epist.
369 1654 411 1737 V,
435 1655 487 1718 37.
532 1655 636 1738 Epist.
661 1654 702 1737 V,
726 1655 767 1718 38
790 1657 822 1717 et
844 1655 886 1718 39
909 1657 985 1717 sunt
1007 1654 1045 1717 de
1067 1654 1266 1718 orationibus
1288 1654 1339 1718 Pii
1362 1658 1414 1718 et

135 1752 139 1758 ’
251 1728 339 1838 Veri,
363 1757 487 1839 opinor,
513 1778 585 1819 cum
607 1757 659 1819 hic
681 1764 792 1840 togam
814 1757 939 1820 virilem
962 1760 1111 1820 sumeret.
1143 1756 1183 1820 In
1205 1756 1310 1839 Epist.
1334 1756 1392 1840 IV,

253 1862 268 1922 1
293 1862 325 1922 et
347 1859 367 1920 2
390 1859 498 1942 agitur
525 1859 564 1922 de
587 1858 736 1941 discidio,
766 1859 850 1943 quod
877 1859 964 1922 inter
986 1857 1132 1922 Caesaris
1160 1858 1278 1922 amicos
1307 1881 1395 1922 exor-

251 1964 320 2023 tum
342 1963 420 2023 erat.
466 1960 531 2024 Res
558 1983 625 2024 non
652 1961 778 2024 videtur
806 1962 987 2025 accuratius
1015 1962 1141 2025 definiri
1163 1982 1266 2043 posse.
1311 1961 1395 2024 Tum

251 2066 366 2126 notatu
389 2063 579 2146 dignissima
601 2066 650 2126 est
672 2085 722 2145 ep.
746 2062 804 2145 IV,
828 2064 858 2127 3.
905 2062 1023 2127 Caesar
1050 2085 1084 2126 se
1111 2085 1303 2146 praeparare
1325 2063 1397 2126 vult

252 2156 403 2228 historiae
433 2165 637 2247 scribendae,
672 2165 744 2247 sed,
775 2187 847 2227 cum
875 2165 1043 2249 aliquoties
1075 2188 1151 2228 usus
1178 2167 1262 2229 esset
1288 2165 1394 2229 verbis

251 2267 433 2350 impropriis
460 2290 520 2331 nec
548 2269 626 2331 satis
649 2268 787 2350 idoneis,
819 2267 959 2350 explicat
986 2268 1140 2350 magister
1168 2270 1290 2352 quanta
1319 2290 1396 2331 eura

253 2368 433 2432 adhibenda
456 2371 498 2433 sit
519 2370 554 2433 in
578 2369 661 2452 aptis
684 2369 789 2433 verbis
812 2370 979 2454 eligendis
1016 2369 1107 2444 Quod
1130 2371 1219 2433 addit
1241 2369 1395 2433 iudicium

252 2471 291 2533 de
317 2471 452 2534 vetustis
480 2472 688 2554 scriptoribus
716 2471 871 2535 Romanis
901 2475 933 2535 et
961 2472 1133 2555 praecipue
1162 2473 1200 2536 de
1230 2471 1393 2554 Cicerone,

252 2595 309 2656 per
324 2595 357 2636 se
373 2573 502 2656 quidem
522 2572 616 2636 nihili
639 2577 735 2637 estet
751 2596 823 2636 curn
845 2575 1020 2638 iactatione
1042 2575 1179 2657 dictum,
1203 2575 1258 2638 sed
1280 2596 1395 2657 operae

252 2675 391 2758 pretium
414 2678 463 2738 est
484 2676 563 2739 talia
586 2676 850 2759 animadvertere,
874 2679 912 2739 ut
933 2677 1037 2740 discas
1060 2677 1136 2760 quid
1157 2677 1221 2740 illis
1243 2675 1395 2759 tempori-

253 2779 311 2841 bus
333 2777 472 2841 Romani
496 2778 534 2841 de
557 2778 784 2842 vetustioribus
807 2779 1015 2862 scriptoribus
1039 2779 1232 2862 censuerint,
1258 2777 1395 2843 61111101-

254 2902 325 2943 0610
348 2885 380 2942 64
402 2879 556 2942 Horatius
579 2880 744 2943 sorderent
772 2903 849 2963 prae
873 2880 1025 2944 Sallustio
1054 2884 1087 2944 et
1113 2881 1231 2945 Enni0.
1276 2880 1395 2944 Vinde-

253 2983 389 3046 miarum
421 2985 564 3066 ternpore
592 2980 709 3047 Caesar
742 2982 854 3046 scribit
880 2982 938 3066 IV,
967 2983 989 3046 4
1017 2988 1049 3047 64
1076 2983 1172 3047 facile
1201 2986 1250 3047 est
1276 2983 1394 3065 videre,

254 3088 374 3168 quanto
396 3084 512 3169 flagret
541 3085 744 3168 antiquitatis
773 3086 888 3148 studio.
933 3085 1046 3168 ltaque
1074 3086 1185 3168 rediit,
1215 3085 1272 3168 IV,
1296 3086 1327 3167 5,
1356 3084 1396 3147 ad

254 3188 377 3249 veteres
399 3209 472 3249 suas
496 3187 625 3250 delicias
649 3187 815 3251 Catonem.
861 3187 940 3256 Post
966 3187 1062 3251 breve
1089 3187 1296 3251 intervallum
1323 3186 1395 3249 sub-

253 3290 429 3370 sequuntur
445 3288 538 3371 epist.
555 3289 612 3371 IV,
637 3289 656 3352 6
672 3292 704 3352 et
721 3290 754 3353 7:
778 3292 855 3352 sunt
876 3292 1028 3372 quattuor
1044 3290 1198 3372 epistolae
1214 3288 1393 3370 Tullianae,
1437 3335 1439 3339 ι

253 3412 330 3453 nam
351 3412 392 3453 ne
414 3391 497 3453 mica
519 3391 647 3474 quidem
669 3391 744 3454 salis
766 3391 862 3455 inest.

338 3491 425 3566 Quae
448 3496 621 3575 supersunt
642 3492 795 3576 epistolae
818 3494 859 3556 ad
880 3492 925 3556 M.
950 3492 1135 3576 Caesarem,
1165 3514 1275 3556 omues
1305 3493 1396 3556 datas

255 3616 322 3657 esse
351 3594 495 3677 suspicor
517 3594 751 3658 vindemiarum
777 3598 922 3679 tempore
951 3595 1028 3658 anni
1058 3596 1129 3659 145.
1175 3594 1258 3659 Sunt
1283 3596 1396 3658 breves

254 3696 407 3778 epistolae
422 3695 463 3778 V,
480 3696 595 3778 5—21,
618 3697 654 3759 in
675 3697 789 3780 quibus
810 3698 878 3760 41116
900 3697 983 3760 nihil
1004 3698 1148 3761 1111611166
1171 3701 1396 3781 praeterquam

255 3797 293 3860 de
315 3797 455 3881 corporis
478 3797 653 3880 doloribus,
688 3821 766 3881 quos
788 3798 909 3877 Fronto
931 3802 1120 3882 perpetitur.
1166 3800 1287 3863 Eodem
1310 3822 1396 3863 anuo

254 3900 419 3982 scripsisse
446 3900 572 3963 videtur
605 3900 773 3983 epistolam
800 3900 948 3983 quintam
982 3902 1021 3963 ad
1054 3901 1258 3964 Antoninum
1290 3902 1394 3984 Pium,

253 4000 327 4063 irriti
360 4001 484 4084 imperii
522 4002 588 4084 die,
623 4023 738 4085 nempe
772 4002 823 4065 die
857 4004 972 4085 quarto
1004 4003 1052 4066 ld.
1087 4003 1226 4087 August.
1278 4004 1396 4067 Exstat

253 4099 459 4185 imperatoris
492 4104 694 4186 rescriptum.
739 4104 888 4167 Proxime
921 4105 1064 4188 sequitur
1097 4105 1233 4187 epistola
1266 4107 1306 4169 ad
1328 4107 1396 4170 An-

254 4197 322 4266 4011.
339 4203 445 4276 ,Ρ111111
473 4206 509 4287 8,
537 4206 572 4269 in
601 4228 664 4290 qua
692 4206 812 4269 Fronto
842 4228 914 4269 cum
941 4207 1087 4289 principe
1116 4208 1330 4271 communicat
1363 4231 1396 4271 se

253 4305 435 4369 valetudine
462 4307 626 4389 impediri,
663 4331 724 4392 quo
757 4309 863 4371 minus
890 4308 1116 4391 proconsulare
1143 4331 1259 4372 munus
1289 4311 1393 4374 obeat.

254 4406 327 4470 Huc
358 4406 549 4470 reiiciendae
581 4412 652 4472 octo
691 4410 844 4492 epistolae
877 4410 917 4474 V.
946 4410 1084 4493 22-29,
1119 4411 1153 4474 in
1177 4412 1291 4494 quibus
1325 4433 1396 4494 per-

253 4513 350 4593 petuo
396 4531 498 4573 sermo
542 4511 581 4573 fit
619 4511 657 4574 de
703 4512 902 4595 argumentis
945 4511 1230 4593 declamationum,
1280 4512 1395 4594 quibus

254 4611 371 4675 Caesar
394 4632 426 4674 se
449 4615 606 4675 exerceat.
652 4610 817 4695 Discipulo
845 4613 1017 4695 displicent
1038 4634 1120 4695 quae
1147 4613 1303 4695 magister
1324 4635 1395 4696 pro-

253 4713 360 4797 ponit,
383 4717 416 4776 et
437 4714 540 4796 magis
564 4713 717 4776 miramur
740 4735 811 4776 eum
834 4714 905 4777 istis
926 4714 1059 4795 ineptiis
1080 4716 1148 4776 tam
1170 4714 1223 4776 diu
1247 4716 1319 4798 capi
1340 4736 1395 4798 po-

253 4816 364 4880 tuisse.
410 4814 567 4879 Ultimam
589 4814 633 4878 M.
658 4814 803 4879 Caesaris
827 4815 996 4898 epistolam
1019 4836 1087 4878 esse
1110 4815 1245 4879 coniicio
1266 4816 1324 4900 lV,
1343 4818 1393 4899 13,

253 4918 289 4981 in
317 4938 382 5002 qua
405 4916 589 4982 adolescens
617 4917 734 5004 viginti
762 4916 903 5003 quinque
926 4938 1027 4983 anuos
1049 4920 1145 4986 natus
1173 4918 1251 4983 satis
1273 4920 1395 5008 perspi·
