3300 6050
451 869 500 928 ao
517 870 553 927 u.
568 869 759 930 euasurum
776 869 823 923 ur
842 869 993 930 ruvrosu
1011 871 1118 931 ursus
1136 873 1169 931 11,
1230 932 1232 949 ,
1335 876 1375 943 27

237 1046 273 1110 tu
295 1046 422 1129 quidem
449 1047 520 1109 me¹
549 1047 672 1130 magis²
701 1046 821 1109 amabis
850 1068 946 1129 quam
973 1046 1055 1109 ullus
1083 1047 1250 1110 hominum
1277 1049 1377 1112 ullrmr

237 1147 399 1211 hominem
428 1151 530 1231 amat3
566 1169 625 1231 ego
652 1169 726 1211 vero
754 1151 802 1229 te,
838 1148 892 1230 qui
919 1148 1075 1221 minorem
1098 1149 1162 1211 vim
1183 1150 1218 1211 in
1241 1151 1376 1214 amando

238 1248 411 1332 ³possideo,
436 1250 539 1333 magis
563 1250 676 1312 amabo
698 1271 793 1332 quam
815 1248 899 1310 ullus
921 1248 1086 1312 hominum
1100 1254 1133 1313 te
1149 1254 1250 1313 amat:
1273 1251 1376 1335 magis

237 1350 377 1433 denique.
395 1373 491 1433 quam
516 1355 553 1413 tu
580 1353 680 1414 temet
707 1351 813 1433 ipsum
836 1372 932 1412 amas
978 1349 1047 1413 lam
1068 1335 1147 1412 mihi
1170 1373 1241 1414 cum
1264 1351 1377 1415 Gratia

238 1454 400 1515 certamen
427 1452 503 1533 erit,
533 1475 629 1535 quam
656 1452 753 1515 timeo
782 1456 819 1515 ut
841 1473 990 1534 superare
1013 1452 1141 1534 possim.
1186 1452 1270 1515 Nam
1292 1453 1377 1516 illius

237 1552 379 1635 quidem,
404 1556 440 1615 ut
461 1553 614 1616 Plautus4
637 1554 697 1636 ait,
722 1552 838 1615 amoris
860 1553 962 1616 imber
984 1553 1159 1636 grandibus
1187 1554 1289 1637 guttis
1311 1576 1377 1618 non

141 1644 147 1649 ’
236 1657 358 1718 vestem
379 1654 471 1717 modo
495 1655 710 1737 permanavit,
735 1654 790 1717 sed
812 1655 848 1717 iu
870 1655 1042 1718 medullam
1064 1655 1148 1718 ultro
1170 1655 1273 1717 fluit.a

321 1755 405 1830 Quas
427 1758 463 1818 tu
485 1755 609 1818 litteras
637 1759 669 1819 te
698 1757 737 1818 ad
765 1778 815 1818 me
845 1756 1007 1818 existimas
1033 1756 1212 1819 scribsisse!
1264 1757 1378 1819 Ausim

236 1857 350 1939 dicere,
374 1878 454 1941 quae
477 1878 528 1919 me
550 1858 663 1940 gennit
686 1860 780 1939 atque
803 1857 892 1939 aluit,
916 1857 999 1920 nihil
1013 1879 1164 1940 umquam
1180 1861 1247 1920 tam
1267 1858 1377 1921 iucun-

171 1986 180 1993 ·
236 1959 312 2022 dum
333 1962 461 2041 tamque
483 1957 641 2020 mellitum
663 1980 734 2021 eam
761 1959 800 2020 ad
822 1980 873 2021 me
896 1959 1069 2041 scripsisse.
1124 1958 1236 2042 Neque
1258 1958 1319 2022 hoc
1341 1960 1378 2023 fit

234 2060 386 2125 facundia
409 2062 465 2122 aut
487 2059 668 2142 eloquentia
695 2062 766 2122 tua:
794 2058 923 2142 'alioqui
949 2082 1016 2123 non
1042 2060 1135 2123 modo
1164 2064 1280 2123 mater'
1294 2083 1375 2143 mea,

235 2162 290 2224 sed
313 2182 421 2224 omnes
444 2161 498 2242 qui
529 2161 567 2246 1⁵
590 2160 729 2242 spirant,
754 2161 838 2242 quod
859 2160 997 2242 faciant,
1032 2161 1202 2224 confestim
1229 2162 1290 2225 tibi
1313 2185 1377 2226 ces-

234 2262 351 2326 serint:
381 2262 436 2324 sed
458 2261 539 2324 istae
561 2256 687 2326 litterae
716 2262 756 2325 ad
783 2283 834 2324 me
861 2265 936 2325 tuae
959 2261 1082 2345 neque⁶
1109 2263 1245 2326 disertae
1272 2285 1376 2346 neque

234 2363 361 2445 doctae,
391 2365 484 2426 tanta
506 2362 708 2446 benignitate
737 2365 912 2444 scatentem,
946 2366 1039 2426 tanta
1068 2363 1247 2427 adfectione
1277 2364 1376 2426 abun-

214 2464 365 2546 dantem
397 2466 488 2527 tanto
518 2486 623 2528 amore
646 2464 805 2545 lucenteS,
834 2486 900 2528 non
922 2464 1000 2527 satis
1022 2463 1167 2547 proloqui
1188 2487 1318 2548 possum
1340 2469 1377 2528 ut

235 2565 378 2629 animum
399 2586 505 2628 meum
527 2567 643 2649 gaudio
665 2566 699 2628 in
723 2566 824 2629 altum
837 2566 1041 2648 sustulerint,
1065 2566 1219 2630 desiderio
1233 2566 1376 2651 fraglan-

233 2667 356 2730 tissimo
383 2667 627 2749 incitaverintb,
666 2671 843 2751 postremo,
879 2669 962 2750 quod
991 2667 1036 2730 ait
1063 2667 1199 2750 Neviae,
1234 2669 1377 2732 animum

235 2789 341 2831 amore
365 2768 513 2850 capitalie
536 2768 785 2851 conpleverint⁷.

317 2869 377 2932 Illa
400 2869 483 2932 alia⁸
506 2869 643 2952 epistula
664 2873 730 2953 tua,
755 2893 817 2954 qua
839 2870 1016 2952 indicabas,
1045 2893 1100 2934 cur
1120 2871 1244 2935 tardius
1260 2871 1376 2935 oratio·
1480 2902 1492 2914 κ

233 2992 318 3053 nem,
342 2992 404 3054 qua
426 2971 612 3034 laudaturus
635 2993 668 3035 es
683 2970 858 3036 Dominum
873 2993 988 3055 meum,
1012 2972 1048 3036 in
1065 2975 1179 3037 senatu
1194 2972 1376 3055 prolaturus

233 3094 328 3154 esses,
352 3075 446 3136 tanta
463 3071 627 3155 voluptate
650 3073 784 3154 adfecit,
808 3073 864 3135 ut‘l
887 3077 1065 3156 temperare
1081 3097 1144 3137 non
1165 3075 1376 3157 potuerim—

233 3176 266 3238 et
287 3172 403 3236 videris
430 3176 466 3236 tu
489 3195 530 3236 an
552 3177 672 3237 temere
694 3174 825 3238 fecerim
842 3213 901 3256 —,
925 3176 1003 3258 quin
1025 3199 1096 3239 eam
1117 3175 1180 3258 ipsi
1201 3176 1288 3257 patri
1305 3198 1375 3237 meo

207 3277 211 3282 ’
233 3274 411 3338 recitarem.
428 3274 555 3349 Quanto
569 3297 663 3358 opere
672 3276 695 3315 ¹⁰
709 3278 816 3338 autem
832 3297 904 3338 eum
918 3276 1034 3339 iuverit
1044 3265 1079 3358 ¹¹,
1092 3276 1174 3338 nilril
1185 3298 1236 3339 me
1248 3278 1375 3357 oportet

233 3373 389 3459 persequi,
414 3398 508 3459 quom
529 3380 566 3439 tu
588 3379 620 3439 et
637 3376 726 3451 ,illius
749 3398 906 3440 summam
927 3377 1177 3441 benivolentiam
1195 3380 1226 3439 et
1246 3379 1375 3439 tuarum

232 3478 414 3541 litterarum
437 3478 602 3561 egregiam
625 3478 820 3561 elegantiam
842 3479 940 3542 noris.
987 3477 1048 3542 Sed
1072 3500 1110 3541 ex
1140 3499 1177 3541 ea
1202 3500 1236 3540 re
1258 3477 1374 3561 longus

318 3697 335 3733 a
352 3684 385 3733 Ia
403 3688 527 3749 nrarpr'ne:
546 3681 578 3733 In
596 3680 650 3734 alio
669 3680 748 3749 pluit.

318 3764 336 3817 b
355 3768 389 3817 Ia
406 3772 532 3833 marpine:
551 3766 582 3817 ln
601 3765 655 3818 alio
673 3764 854 3818 incenderint.

318 3866 332 3902 c
351 3853 384 3902 In
401 3856 525 3918 nrarpine:
544 3850 630 3903 Amor
647 3848 782 3917 capritalis.

319 4076 332 4123 1
352 4070 418 4123 Cod.
437 4087 478 4138 pr.
499 4088 535 4123 m.
554 4090 617 4123 mea.

318 4152 418 4207 tCod.
439 4170 492 4207 sec.
512 4172 548 4207 m.
567 4160 696 4222 mapisler.

318 4246 332 4292 3
352 4237 417 4291 coo.
436 4242 516 4293 lateo
532 4244 661 4307 possideo,
679 4242 739 4292 tum
757 4244 836 4293 tabeo
855 4239 1028 4306 expunctum.

316 4323 500 4376 4Mostellar.
521 4325 541 4376 I.
561 4330 585 4376 2.
605 4321 653 4376 62!

319 4414 334 4462 5
352 4407 452 4476 Incipit
470 4406 536 4460 Cod.
556 4406 644 4460 Vatic.
664 4425 692 4475 p.
708 4414 763 4461 173.

318 4500 333 4547 6
352 4492 417 4545 Ood.
437 4511 478 4561 pr.
499 4510 535 4544 m.
555 4497 671 4560 dentque.

318 4583 332 4631 7
352 4576 432 4630 Cod:
451 4583 638 4644 conpleverant.

317 4668 333 4716 8
351 4660 422 4714 Add.
443 4678 496 4715 sec.
516 4679 551 4713 m.

317 4752 333 4799 9
351 4744 417 4798 Cod.
436 4763 477 4813 pr.
498 4763 533 4797 m.
553 4754 579 4796 al
597 4754 631 4801 el.

302 4835 333 4883 10
352 4828 417 4882 Ced.
437 4847 478 4896 pr.
498 4847 533 4882 m.
554 4838 719 4897 qrruncopere.

301 4916 331 4965 11
351 4911 416 4965 Cod.
437 4930 489 4967 sco.
509 4931 544 4965 m.
564 4918 679 4965 irruerint.
