3300 6050
278 876 337 938 122
487 873 522 926 M.
538 871 707 927 CORNELII
725 871 932 927 PRONTONIS
950 871 1205 952 EPISTULARUM

273 1045 334 1108 fide
357 1047 389 1107 et
411 1064 517 1106 amore
540 1045 573 1106 et
595 1042 752 1106 desiderio
774 1041 945 1105 dilibuta¹l
979 1041 1060 1118 Quid
1084 1023 1204 1121 ciperem
1227 1045 1309 1108 tum²
1329 1045 1415 1108 inter

273 1145 350 1208 duos
374 1145 483 1208 ambos
505 1143 616 1207 meos?
638 1145 850 1226 petitoremne
867 1166 909 1206 an
924 1144 1008 1207 unde
1028 1147 1201 1227 peteretur,
1225 1147 1328 1230 magis
1348 1146 1414 1209 lau·
1447 1152 1450 1158 '

273 1244 404 1310 darem?
434 1245 620 1309 Antoninus
643 1248 713 1309 erat
735 1245 850 1328 quom3
871 1245 1007 1327 imperio
1022 1246 1213 1330 obsequens3
1236 1250 1271 1310 tu
1295 1250 1412 1330 autem,

272 1346 366 1429 Luci,
401 1369 473 1410 curn
506 1347 656 1430 obsequio
684 1368 754 1410 eras
779 1368 856 1430 prae
885 1368 991 1410 amore
1013 1347 1212 1431 imperiosus
1257 1348 1323 1412 Eas
1354 1372 1414 1434 ego

272 1449 432 1512 orationes
461 1449 571 1531 ambas
602 1470 673 1512 cum
701 1449 813 1512 dextra
840 1448 993 1532 laevaque
1020 1471 1119 1512 manu
1148 1471 1219 1513 mea
1241 1453 1411 1534 gestarem,

272 1550 407 1633 amplior
429 1550 509 1614 mihi
531 1552 564 1613 et
586 1549 728 1613 ornatior
743 1549 875 1612 videbar
891 1549 1043 1613 daduchis
1058 1550 1231 1614 Eleusinae
1252 1551 1340 1616 faces
1359 1575 1412 1636 ge-

271 1652 447 1734 stantibus,
479 1655 512 1715 et
539 1651 669 1735 regibus
698 1652 825 1734 sceptra
853 1651 1055 1734 tenentibus,
1090 1655 1123 1715 et
1152 1653 1412 1736 quindecimviris

270 1752 369 1816 libros
398 1752 643 1817 adeuntibus²⁴2
682 1752 818 1835 deosque
847 1752 968 1834 patrios
996 1753 1043 1815 ita
1073 1756 1293 1836 comprecatus
1324 1776 1410 1819 sum:

270 1854 409 1934 Hammo
430 1854 563 1937 Iupiter,
587 1857 638 1916 te5
660 1854 774 1933 Libyae
802 1903 1409 1919 ...................

273 2005 512 2019 ........
540 1955 564 2040 ,a
589 2006 594 2018 .
622 2005 628 2017 .
655 2005 661 2018 .
688 2005 694 2018 .
725 1956 855 2018 deorum
884 1954 982 2018 etiam
1010 1956 1130 2038 partim
1158 1956 1343 2040 eloquentes
1377 1980 1410 2021 se

270 2076 367 2140 quam
391 2057 508 2121 tacitos
536 2056 597 2120 coli
625 2055 824 2120 maluerunt⁷
856 2107 862 2119 .
895 2106 1068 2121 ......
1099 2059 1321 2121 contumaciab
1350 2080 1410 2143 ego

271 2209 278 2221 .
305 2209 311 2221 .
347 2157 414 2222 sint
477 2209 483 2221 .
510 2209 516 2221 .
552 2157 772 2241 pervicacibus
805 2156 988 2240 eloquentia
1023 2158 1210 2222 incutiatur.
1261 2158 1311 2223 Ne
1348 2160 1409 2223 ful-

236 2262 237 2266 ’
268 2282 343 2324 men
364 2260 492 2344 quidem
515 2280 614 2342 aeque
636 2260 785 2340 terreret,
809 2257 873 2321 nisi
896 2280 967 2321 cum
989 2261 1113 2323 tonitru
1136 2260 1289 2325 caderet0.
1340 2261 1408 2324 Ea⁸

267 2362 338 2444 ipsa
370 2361 505 2426 tonandi
534 2364 675 2445 potestas
705 2381 771 2423 non
798 2359 868 2422 Diti
895 2361 981 2443 patri
1003 2383 1106 2445 neque
1129 2361 1282 2445 Neptuno
1303 2384 1408 2445 neque

268 2463 316 2526 dis
340 2463 463 2545 ceteris,
488 2464 544 2526 sed
565 2461 750 2546 imperatori
772 2483 895 2524 summo
917 2462 985 2525 Iovi
1007 2463 1127 2525 tradita
1149 2466 1215 2527 est:
1243 2466 1281 2526 ut
1301 2464 1408 2548 frago-

267 2565 355 2628 ribus
377 2564 510 2628 nubium
533 2566 565 2628 ct
588 2563 755 2627 sonoribus
777 2562 1000 2645 procellarum,
1024 2562 1112 2627 velut
1127 2564 1316 2647 quibusdam
1339 2588 1407 2629 cae-

266 2665 399 2729 lestibus
427 2665 557 2729 vocibus
564 2715 573 2748 ,
609 2664 800 2728 altissimum
830 2664 1029 2747 l⁹imperium
1058 2669 1284 2749 acontemptu
1306 2667 1407 2729 vindi·

268 2768 387 2831 caretd:
432 2766 538 2850 Igitur
566 2766 593 2830 si
621 2787 731 2829 verum
759 2764 985 2848 imperatorem
1007 2767 1135 2851 generis
1157 2766 1290 2831 humani
1313 2789 1407 2852 quae-

265 2868 348 2951 ritis,
372 2867 554 2951 eloquentia
569 2869 675 2930 vestra
689 2867 856 2949 imperare,
886 2867 1067 2951 eloquentia
1089 2868 1251 2932 mentibus
1261 2869 1285 2909 ¹⁰
1310 2869 1406 2931 domi-

265 2972 376 3034 natur:
411 2968 466 3033 eaf
485 2971 607 3033 metum
628 2967 762 3051 incutit,
787 2989 927 3033 amorem
951 2968 1116 3051 conciliat,
1140 2969 1332 3033 industriam
1355 2991 1406 3035 ex-

268 3078 316 3084 „
350 3078 563 3172 ala-bargina.-
593 3101 662 3157 Cum
690 3102 830 3157 orationes
858 3104 975 3172 utraque
998 3120 1083 3158 manu
1109 3105 1263 3173 gestarem,
1287 3104 1406 3186 amplior

264 3189 332 3242 mihi
348 3189 465 3243 videbar
483 3186 616 3242 daduohis
633 3218 665 3227 —
688 3188 863 3242 adeuntibus.

348 3275 366 3328 b
385 3279 419 3327 In
430 3277 558 3341 margine:
575 3272 616 3326 Ne
627 3272 887 3327 fulmen-caderet.
906 3276 1120 3341 Scortarepctiit.
1139 3279 1278 3342 Apparere!
1289 3281 1403 3344 vestigia.

350 3363 414 3412 ela
433 3363 559 3425 inaratae:
588 3356 630 3410 Ea
652 3356 715 3426 ipsa
732 3388 765 3397 -
788 3356 951 3411 vindicaret.
993 3360 1050 3411 Sec.
1073 3374 1103 3411 m.
1127 3364 1240 3426 repetiit.
1267 3365 1406 3427 Apparere!

263 3448 378 3513 vestipz'a.

348 3527 366 3580 d
385 3532 418 3581 Ia
435 3531 560 3595 marpine:
587 3526 659 3579 Laus
678 3525 861 3593 eloquentiae.

348 3629 363 3666 e
382 3616 415 3664 ln
433 3617 561 3681 maraine:
583 3609 672 3663 Verus
691 3608 845 3679 imperator
863 3610 974 3679 generis
991 3610 1106 3664 humani
1124 3610 1284 3678 eloquentia
1302 3614 1350 3667 cst.

348 3697 409 3749 fIn
427 3700 552 3764 raarpr'ne:
571 3693 642 3759 Quid
660 3695 728 3763 agat
747 3694 915 3762 eloquentia.

348 3815 423 3868 lIta
441 3813 541 3868 Codex.

346 3906 361 3953 2
380 3900 511 3953 Tantum
523 3896 607 3966 spatii
631 3895 785 3952 oblitterati
806 3896 835 3949 in
859 3896 959 3952 Codice
977 3899 1027 3953 est.
1063 3904 1156 3953 Maius.
1192 3900 1257 3953 Mox
1275 3900 1341 3954 Cod.
1360 3920 1401 3970 pr.

262 4004 297 4040 in.
315 3991 496 4054 petitoremme.

346 4070 423 4125 3Ita
441 4066 542 4120 CodeX.

344 4160 360 4207 4
378 4153 422 4207 Ita
440 4150 545 4215 Codcx;
563 4166 711 4219 perperam
728 4150 817 4205 Maius
835 4151 905 4220 legit
922 4157 1064 4210 adunatus.

346 4246 361 4293 5
379 4237 485 4292 Codex:
505 4244 564 4295 etet,
584 4233 634 4287 sed
653 4251 721 4289 corr.
740 4234 829 4290 Maius
847 4238 942 4290 tamen
960 4248 992 4291 et.

345 4328 360 4375 6
378 4319 480 4387 Incipit
497 4318 562 4372 Cod.
581 4317 670 4372 Vatic
690 4338 717 4389 p.
735 4326 767 4375 29
785 4320 889 4388 partim
908 4319 1077 4376 oblitterata.

345 4406 455 4461 ‘lHaeo
477 4402 558 4456 unica
581 4404 720 4458 sententia
742 4404 847 4473 legitur
871 4405 900 4458 in
927 4407 988 4460 toto
1011 4406 1146 4468 laterculo
1169 4410 1198 4461 et
1224 4409 1345 4477 repetita
1371 4408 1400 4461 in

260 4494 367 4546 sumnia
383 4506 449 4560 pag.
469 4503 522 4540 sec.
541 4505 576 4540 m.
612 4488 683 4541 Exin
707 4488 852 4542 dimidium
868 4491 926 4543 fere
951 4490 1070 4544 alterum
1092 4491 1257 4545 laterculum
1280 4493 1337 4560 legi
1353 4507 1400 4547 ne-

259 4576 327 4645 quit.
363 4580 458 4628 Maus.
1402 4577 1409 4648 J

344 4667 360 4715 8
376 4659 454 4713 Haec
471 4656 616 4723 sententia,
634 4660 665 4711 ut
681 4658 807 4729 insignis,
826 4658 927 4727 incipit
944 4677 962 4714 a
978 4660 1074 4715 littera
1092 4660 1193 4729 grandi
1211 4662 1239 4714 et
1251 4662 1341 4729 spatio
1359 4662 1399 4714 in-

258 4744 383 4799 teriecto.
420 4746 514 4794 Maius.
710 4728 721 4750 ²

343 4834 358 4881 9
376 4824 477 4894 Incipit
495 4826 560 4880 Cod.
579 4827 669 4881 Vatic.
688 4846 715 4897 p.
735 4835 776 4882 30.

327 4918 358 4966 10
375 4909 547 4965 Dubitabam
564 4929 631 4965 num
647 4911 677 4965 in
695 4911 796 4968 Codice
815 4914 889 4967 esset
905 4917 1004 4967 orentii.
1024 4929 1061 4968 an
1078 4920 1173 4969 nantis.
1211 4919 1305 4968 Maius.

1455 4573 1469 4603 N
