3300 6050
680 857 960 912 PROLFGOMENA.
1298 878 1398 924 xxxv

560 1027 778 1096 Capitolinus
800 1026 834 1079 in
851 1026 963 1080 Marco
983 1025 1050 1095 Cap.
1069 1032 1093 1083 2.

341 1113 530 1178 Oratoribus
552 1135 628 1176 usus
651 1116 700 1176 est
716 1112 872 1196 (Marcus)
890 1112 1021 1176 Graecis
1044 1112 1166 1175 Aninio
1188 1111 1313 1194 Mareu,
1340 1112 1398 1178 Ca-

253 1198 343 1262 ninio
360 1197 469 1262 Celere
492 1203 524 1262 et
538 1196 665 1261 Herode
681 1197 806 1277 Attic03
829 1195 946 1259 Latino
962 1196 1124 1259 Frontone
1146 1195 1305 1274 Cornelia.
1337 1197 1400 1262 Sed

253 1283 390 1347 multum
408 1305 446 1345 ex
462 1281 512 1346 his
532 1281 687 1344 Frontoni
706 1280 831 1363 detulit,
851 1280 902 1343 cui
913 1284 946 1344 et
963 1282 1102 1344 statuam
1118 1281 1153 1344 in
1165 1285 1279 1345 senatu
1293 1282 1398 1364 petiit.

642 1398 732 1451 Idem
749 1397 783 1449 in
799 1395 886 1450 Vero
906 1396 972 1466 Cap.
992 1405 1017 1454 2.

338 1486 472 1549 Audiuit
500 1483 632 1569 (Verus)
660 1482 804 1546 rhetores
834 1481 975 1546 Graecos
998 1483 1220 1566 Apollonium,
1256 1484 1399 1548 Celerem

255 1570 437 1652 Caninium,
460 1568 621 1632 Herodem
636 1567 793 1647 Atticum,
817 1566 970 1629 Latinum
985 1566 1169 1633 Cornelium
1189 1567 1398 1632 Frontonem.

254 1655 322 1718 Hos
345 1675 455 1717 onmes
479 1653 599 1716 amavit
626 1652 720 1715 unice
749 1654 845 1733 atque
875 1651 915 1713 ab
943 1651 993 1715 his
1020 1653 1159 1716 invicem
1181 1653 1316 1717 dilectus
1339 1657 1397 1717 est.

609 1768 777 1822 Minucius
794 1768 891 1822 Felix
909 1769 977 1838 Cap.
996 1769 1044 1825 IX.

338 1857 383 1920 Et
405 1857 443 1920 de
467 1855 612 1919 convivio
633 1858 747 1918 notum
769 1857 833 1936 est,
857 1855 978 1938 passim
1000 1877 1111 1918 omnes
1133 1854 1319 1939 loquuntur.
1362 1856 1399 1919 Id

256 1942 354 2006 etiam
376 1939 531 2006 Cirtensis
553 1940 656 2003 nostri
684 1941 823 2002 testatur
845 1940 958 2003 oratio.

676 2056 768 2110 Idem
792 2054 858 2123 Cap.
876 2056 974 2113 XXXI.

341 2142 394 2208 Sic
416 2144 454 2206 de
477 2143 539 2204 1111
562 2140 736 2224 (convivio)
765 2143 797 2203 et
819 2143 894 2203 tuus
916 2139 1037 2203 Fronte
1064 2163 1130 2204 non
1157 2145 1194 2205 ut
1221 2142 1399 2207 affirmator

254 2227 475 2292 testimonium
495 2226 583 2308 fecit,
608 2225 664 2289 sed
687 2225 866 2288 convicium
887 2227 925 2287 ut
946 2228 1053 2288 orator
1076 2226 1223 2308 aspersit.

414 2359 597 2414 Eumenius
616 2358 649 2411 in
666 2357 880 2426 Panegyrico
899 2357 1096 2412 Constantii
1115 2357 1181 2428 Cap.
1204 2366 1243 2412 14.

339 2464 460 2527 Fronto
482 2461 647 2525 Romanae
671 2459 872 2542 eloquentiae
895 2482 961 2522 non
984 2461 1159 2525 secundum
1182 2462 1237 2524 sed
1260 2462 1396 2526 alterum

255 2549 361 2630 decus,
386 2569 458 2611 eum
479 2546 556 2610 belli
577 2546 613 2609 in
628 2544 800 2608 Britannia
816 2543 956 2608 confecti
977 2544 1105 2608 laudem
1120 2547 1289 2609 Antonine
1310 2547 1398 2630 prin-

256 2633 319 2716 cipi
341 2632 442 2713 daret,
467 2631 611 2714 quamvis
626 2629 680 2692 ille
701 2628 822 2711 inipso
839 2627 936 2692 Urbis
951 2628 1077 2693 Palatio
1099 2631 1242 2694 residens
1265 2633 1399 2715 gerendi

255 2718 322 2780 eius
344 2716 529 2779 mandasset
551 2714 744 2797 auspicium,
776 2713 876 2777 veluti
903 2714 1020 2796 longae
1048 2715 1140 2789 navis
1173 2716 1399 2799 gubernaculis

254 2801 491 2864 draesidentem
519 2800 617 2862 totius
640 2798 863 2862 velificationis
892 2801 925 2861 et
953 2820 1063 2862 cursus
1086 2799 1223 2883 gloriam
1244 2803 1399 2864 meruisse

253 2888 392 2950 testatus
415 2888 471 2948 est.
537 2909 540 2924 ·

384 3001 553 3056 Ausonius
571 3001 605 3055 in
624 3000 820 3056 Gratiarum
838 2999 984 3055 Actione
1007 2999 1098 3054 circa
1114 3001 1268 3056 medium.

339 3104 445 3169 Unica
472 3104 552 3167 mihi
581 3103 803 3186 amplectenda
832 3107 881 3167 est
908 3103 1081 3167 Frontonis
1114 3104 1266 3168 imitatio:
1304 3128 1399 3189 quem

254 3194 363 3270 tamen
385 3189 527 3273 Augusti
548 3189 740 3273 magistrum
762 3188 807 3250 sic
832 3188 1014 3251 consulatus
1036 3189 1179 3269 ornavit,
1211 3192 1247 3252 ut
1275 3192 1399 3272 praefe-

256 3278 353 3339 ctura
369 3296 435 3337 non
459 3274 614 3357 cingeret.
646 3271 708 3336 Sed
731 3272 916 3336 consulatus
938 3272 992 3335 ille
1016 3272 1215 3335 cuiusmodi?
1237 3275 1399 3338 ordinario

254 3360 421 3440 suffectus,
450 3357 596 3422 bimestri
624 3357 728 3439 spatio
755 3357 982 3439 interpositus,
1013 3357 1048 3419 111
1082 3360 1172 3420 sexta
1200 3358 1279 3422 anni
1306 3363 1398 3440 parte

255 3447 476 3526 consumptus:
507 3442 723 3525 quaerendum
752 3444 789 3503 ut
810 3442 977 3525 reliquerit
997 3444 1109 3504 tantus
1132 3445 1254 3523 orator,
1284 3444 1398 3525 quibus

254 3528 438 3592 consulibus
461 3528 598 3611 gesserit
621 3526 832 3589 consulatum.
877 3526 962 3590 Ecce
992 3526 1078 3588 aliud
1100 3527 1184 3609 quod
1207 3526 1322 3610 aliquis
1344 3549 1398 3611 op-

253 3616 364 3695 ponat.
400 3610 441 3675 In
463 3612 548 3674 tanti
569 3613 602 3673 te
625 3631 701 3693 ergo
724 3611 860 3674 oratoris
882 3611 1055 3696 fastigium
1073 3610 1230 3695 gloriosus
1254 3611 1398 3675 attollis?

255 3697 306 3760 cui
327 3697 407 3759 talia
422 3696 599 3779 requirenti
614 3696 812 3777 respondebo
835 3695 990 3760 breviter:
1013 3717 1080 3759 non
1096 3716 1156 3779 ego
1171 3717 1222 3759 me
1238 3697 1398 3760 contendo

253 3780 419 3862 Frontoni,
444 3780 500 3843 sed
522 3780 690 3843 Antonino
712 3781 858 3862 praefero
882 3780 1085 3844 Gratianum.

583 3912 778 3966 Macrobius
797 3912 970 3970 Saturnal.
988 3913 1021 3979 V,
1041 3920 1064 3965 1.

338 3998 481 4073 11111111
508 4001 585 4061 sunt
611 4019 732 4081 genera
759 3998 901 4061 dicendi:
940 3998 1118 4081 copiosum,
1141 3997 1177 4059 111
1200 4019 1261 4081 quo
1285 3998 1395 4063 Cicero

254 4083 452 4146 dominatur:
480 4083 592 4163 breve,
615 4083 651 4145 in
679 4103 741 4165 quo
769 4081 940 4147 Sallustius
967 4084 1100 4166 regnat:
1146 4082 1282 4164 siccum,
1313 4085 1397 4167 quod

252 4166 408 4230 Frontoni
431 4167 637 4230 adscribitur:
670 4166 792 4250 pingue
815 4170 849 4230 et
870 4166 1034 4249 floridum,
1058 4166 1094 4228 in
1117 4188 1178 4249 quo
1194 4167 1319 4231 Plinius
1343 4167 1397 4233 Se-

255 4251 376 4315 cundus
399 4252 577 4333 quondam,
607 4253 640 4313 et
661 4273 749 4313 nunc
771 4250 860 4314 nullo
882 4254 1026 4315 veterum
1048 4251 1153 4313 minor
1174 4255 1285 4315 noster
1308 4251 1396 4336 Sym-

252 4334 385 4398 machus
406 4335 596 4398 luxuriatur.

253 4450 460 4505 Claudianus
486 4451 666 4505 Mamertus
691 4453 787 4521 epist.
811 4452 852 4505 ad
875 4452 1069 4521 Sepaudum
1090 4454 1265 4508 rhetorem
1282 4454 1393 4507 Balur.

539 4518 680 4573 miscell.
701 4520 748 4573 ed.
771 4520 876 4573 Paris.
896 4523 915 4573 1,
935 4520 982 4573 Vl.
1001 4539 1028 4589 p.
1048 4528 1105 4575 535.

336 4620 477 4685 Naevius
500 4623 532 4684 11
553 4619 686 4683 Plautus
708 4622 768 4684 tibi
792 4623 832 4685 ad
855 4622 1065 4705 elegantiam,
1091 4621 1170 4686 Cato
1193 4622 1233 4684 ad
1255 4623 1394 4705 gravita-

251 4709 328 4786 tem,
351 4704 455 4768 Varro
471 4706 510 4768 ad
525 4705 684 4788 peritiam,
710 4705 875 4769 Gracchus
898 4706 938 4769 ad
954 4706 1172 4789 acrimoniam,
1197 4704 1394 4790 Chrysippus

253 4789 293 4852 ad
315 4790 535 4872 disciplinam,
564 4788 684 4853 Fronto
714 4791 754 4853 ad
781 4812 948 4874 pompam,
978 4790 1088 4856 (111110
1117 4791 1157 4853 ad
1179 4790 1395 4874 eloquentiam

253 4875 481 4956 capessendam
502 4875 574 4937 usui
597 4874 671 4937 sint.
