3300 6050
268 968 329 1035 110
482 963 518 1022 M.
533 961 702 1022 CORNELII
719 959 926 1022 FRONTONIS
944 958 1200 1021 EPISTULARUM

263 1147 439 1219 pierumque
460 1146 566 1202 milites
587 1146 618 1202 in
641 1146 758 1203 statiuis
778 1145 889 1203 castris
911 1143 1055 1211 babebat;
1088 1146 1149 1202 nisi
1168 1159 1235 1202 cum
1258 1143 1331 1201 aios
1353 1148 1407 1202 aut

262 1248 370 1321 pabuti
395 1253 511 1319 epestas
538 1247 635 1304 iocum
662 1253 782 1304 mutare
802 1246 973 1318 subeperat.
1022 1244 1085 1302 Sea
1110 1261 1205 1318 neque
1233 1240 1406 1303 munieban-

264 1342 333 1406 tur1
364 1364 459 1421 neque
485 1363 568 1406 more
590 1349 717 1406 militari
737 1348 860 1421 cipitiae
880 1347 1126 1406 deducebantur:
1155 1352 1188 1404 nt
1208 1349 1316 1420 cuique
1337 1347 1406 1404 iibe-

264 1450 329 1516 bat,
373 1448 411 1506 ab
445 1451 539 1521 sipnis
570 1449 685 1507 uberat.
738 1448 838 1508 Limne
874 1449 1021 1522 permixti
1056 1463 1123 1507 cnm
1161 1448 1303 1506 militibus
1335 1442 1406 1505 otiu²

264 1557 412 1624 noctuque
433 1551 640 1623 anpabantur:
658 1552 803 1625 palantes
829 1566 920 1624 apros
943 1556 1074 1622 uastare,
1104 1551 1192 1609 uittas
1213 1565 1404 1622 eapnpnare,

261 1655 379 1726 pecoris
401 1659 429 1711 et
450 1654 671 1726 mancipiorum
694 1653 834 1726 praedas
861 1658 1014 1710 certantes
1036 1667 1138 1727 apere,
1167 1667 1263 1724 eaque
1290 1658 1408 1709 matare

263 1770 330 1812 cnm
353 1754 572 1813 mercatoribus
594 1756 662 1812 aino
686 1755 858 1828 aduecticio,
874 1760 903 1810 et
924 1754 993 1811 aliis
1010 1752 1132 1818 tatibns;
1154 1759 1318 1826 praeterea
1329 1750 1405 1823 fru-

264 1862 392 1914 mentum
411 1856 532 1928 publice
554 1856 657 1914 dutum
673 1855 812 1927 uendere,
836 1869 949 1928 panem
963 1856 995 1913 in
1010 1855 1074 1913 dies
1088 1856 1236 1912 mercari:
1253 1860 1407 1928 postremo

265 1972 467 2030 quaecumque
494 1958 557 2015 dici
582 1963 636 2015 aut
655 1959 732 2030 arpi
753 1962 866 2030 queunt
892 1957 1032 2028 ipnaaiae
1058 1957 1261 2029 luxuriaeque
1277 1956 1404 2030 probra,

264 2073 301 2114 ea
323 2060 354 2116 in
377 2060 428 2117 illo
450 2060 585 2116 exercitu
606 2065 715 2116 cuncta
735 2055 826 2128 suere
847 2065 876 2116 et
897 2059 960 2116 aiia
976 2058 1112 2130 amptius.
1151 2057 1214 2114 Sea
1235 2059 1265 2115 in
1287 2073 1323 2114 ea
1346 2056 1407 2129 ais-

262 2155 397 2229 ticattate
411 2159 584 2219 Metettuma
606 2175 666 2218 non
688 2161 785 2218 minus
807 2175 898 2232 quam
926 2161 957 2218 in
979 2159 1068 2217 rebus
1089 2159 1243 2217 bostitibus
1264 2175 1406 2231 mapnnm

264 2266 293 2318 et
313 2263 478 2334 sapientem
506 2263 603 2321 airum
621 2259 718 2331 fuisse
743 2254 953 2342 [comperior],
983 2267 1070 2319 tanta
1098 2263 1299 2334 temperantia
1328 2263 1407 2319 inter

265 2362 464 2429 ambitionem,
497 2349 652 2421 saeuitiam
677 2408 682 2420 .
708 2407 715 2420 .
746 2356 866 2420 Animo
881 2356 906 2440 ³}
926 2406 1191 2420 .........
1215 2360 1372 2420 suetum.
1398 2407 1404 2420 .

265 2455 420 2545 avalrum]
447 2509 478 2522 ..
501 2455 661 2545 iniu[rias]
685 2457 906 2521 habuisset..
931 2457 1048 2520 abillo
1072 2509 1079 2520 .
1105 2509 1111 2521 .
1136 2479 1189 2521 sae
1213 2508 1219 2521 .
1241 2509 1247 2521 .
1271 2458 1362 2522 bene.

349 2558 430 2623 ised
453 2610 460 2623 .
482 2592 492 2623 ¹.
518 2610 524 2623 .
549 2563 581 2623 et
601 2559 819 2643 voluptatibus
844 2610 851 2622 .
877 2610 883 2622 .
909 2610 915 2622 .
941 2609 947 2622 .

350 2661 431 2725 ⁵Seei
451 2669 482 2725 in
504 2666 551 2726 bis
571 2673 639 2724 erat
661 2661 870 2740 semprontab,
901 2682 979 2738 quae
994 2669 1094 2725 matta
1115 2682 1206 2740 saepe
1227 2669 1324 2727 uirilis
1346 2684 1406 2726 au-

265 2767 374 2826 daciae
390 2767 538 2839 sneinora
559 2770 756 2827 commiserat.
803 2768 888 2826 Haec
909 2769 1019 2826 mulier
1043 2784 1155 2841 penere
1177 2775 1269 2843 atque
1287 2769 1403 2841 fornia,

260 2875 426 2942 praeterea
448 2871 513 2928 aira
534 2869 636 2928 tiberis
659 2872 734 2928 satis
756 2869 940 2941 fortunata:
967 2871 1077 2928 titteris
1100 2873 1222 2943 praecis
1248 2876 1277 2930 et
1302 2873 1407 2930 latinis

265 2972 370 3029 stacta:
403 2973 551 3046 psallere,
587 2973 703 3031 saltare
730 2973 897 3046 etepantius
930 2987 1020 3050 qaam
1052 2988 1173 3032 necesse
1205 2979 1250 3032 est
1271 2973 1405 3048 probae:

264 3075 359 3131 multa
381 3076 444 3132 aliu
467 3069 544 3147 quae
566 3074 762 3132 instrumenta
788 3076 943 3133 luxuriae.
993 3073 1056 3132 Sed
1082 3076 1112 3132 ei
1137 3077 1262 3133 curiora
1290 3091 1406 3150 semper

265 3177 364 3233 omnia
387 3192 477 3249 qnam
500 3176 593 3233 decus
623 3218 859 3234 ........
876 3187 881 3206 ’
885 3219 1086 3236 .......
1110 3171 1313 3255 aitiiclltare
1334 3194 1404 3243 sese,

264 3293 371 3335 manus
398 3278 549 3351 supptices
582 3277 625 3335 aet
649 3279 766 3336 caetum
793 3278 930 3345 tendere,
968 3280 1110 3337 miserari
1137 3294 1251 3352 parcos
1285 3278 1403 3351 liberos,

264 3411 313 3418 ——--

349 3474 367 3510 u
384 3462 418 3511 In
436 3464 560 3532 rrrarpine:
579 3456 619 3512 De
637 3458 728 3512 forma
744 3457 929 3527 imperatoris.

348 3541 367 3594 b
387 3546 418 3595 In
437 3549 561 3610 marpine:
581 3542 746 3612 Sempronia
762 3549 845 3597 muita
857 3560 940 3612 saepe
952 3542 1034 3597 virilis
1051 3543 1183 3598 audaciae
1200 3544 1325 3598 facinora
1342 3564 1405 3598 coia·

264 3626 385 3679 miserat.
1108 3629 1110 3631 ’

351 3805 364 3847 1
384 3795 449 3848 Cod.
469 3812 523 3850 sec.
541 3814 577 3849 m.
596 3800 767 3850 monebantur.
802 3795 877 3850 Nota
893 3796 963 3851 haec
981 3799 1035 3853 duo
1053 3800 1147 3867 verba,
1170 3816 1242 3867 quae
1261 3799 1359 3853 desunt
1376 3800 1405 3852 in

242 3914 243 3917 =
264 3879 403 3948 plerisque
422 3879 545 3934 Sallustii
562 3880 715 3934 (lodicibus.
743 3882 894 3936 Praeterea
911 3885 986 3953 apud
1004 3883 1165 3937 Sallustium
1183 3883 1297 3951 legitur:
1316 3892 1405 3938 milites

264 3972 363 4020 stativis
381 3973 474 4020 castris
492 3996 523 4005 —
542 3972 579 4019 uti
595 3971 684 4034 cuique
702 3971 844 4021 libebat-
862 3980 889 4023 et
903 3977 1023 4038 paiarrtes
1040 3989 1118 4038 apros
1134 4000 1169 4010 —
1183 3972 1295 4036 probru,
1318 3974 1344 4022 in
1362 3976 1404 4023 illo

265 4058 389 4106 emereitu.

350 4137 427 4189 alta
443 4135 539 4189 Maius.
1014 4183 1017 4187 .

350 4228 366 4276 3
384 4220 484 4290 Incipit
507 4219 572 4274 Cod.
592 4222 687 4282 Ambr.
706 4241 733 4292 p.
747 4230 789 4290 96,
812 4224 862 4279 sed
879 4222 949 4277 nihil
969 4224 998 4276 in
1020 4241 1053 4278 ea
1074 4223 1132 4292 legi
1153 4227 1257 4293 potest:
1281 4228 1405 4295 sequitur

265 4304 325 4356 turn
342 4323 369 4374 p.
383 4311 425 4371 89,
442 4304 539 4358 itidem
558 4307 675 4361 obscura
693 4309 721 4361 et
737 4308 881 4374 lacunosa,
906 4306 936 4360 in
958 4324 1014 4375 qua
1035 4324 1141 4377 paucae
1163 4310 1273 4363 tantum
1293 4311 1404 4364 litterae

266 4389 471 4458 conspiciuntur
493 4408 587 4444 versus
608 4391 763 4460 marginem
785 4379 959 4446 exteriorem.
1005 4390 1128 4445 Contulit
1153 4394 1248 4448 tamen
1275 4396 1312 4447 du
1333 4395 1403 4448 Rieu

266 4473 422 4527 columnam
438 4474 569 4543 priorem,
586 4476 603 4529 i.
618 4494 641 4531 e.
661 4471 746 4544 usque
766 4466 816 4529 adi
833 4483 917 4529 decas.
947 4477 1045 4531 Altera
1061 4478 1118 4546 legi
1136 4479 1246 4532 omnino
1264 4480 1368 4547 nequit.

349 4564 365 4610 4
384 4559 487 4612 Octavo
506 4577 586 4613 versu
604 4578 621 4614 a
638 4560 712 4615 linea
728 4560 770 4614 ita
786 4560 890 4628 legitur
908 4560 952 4627 (B-
970 4578 1022 4631 pro
1041 4565 1108 4630 bus);
1126 4563 1214 4617 Maius
1231 4564 1260 4616 in
1277 4565 1403 4631 margine

264 4642 359 4696 videre
378 4642 431 4696 sibi
447 4643 520 4698 visus
539 4646 592 4699 est:
612 4656 637 4699 et
655 4649 811 4713 uoluptatium
831 4647 855 4712 (b
873 4662 924 4714 pro
942 4650 975 4715 u).

304 4797 308 4804 .
350 4728 495 4782 5Decim0
513 4748 595 4784 versu
613 4731 728 4783 alinea.
765 4728 875 4783 Sallust.
896 4731 974 4786 Catil.
995 4739 1072 4799 nib,
1096 4733 1171 4802 apud
1189 4750 1271 4802 quem
1288 4733 1403 4801 legitur:

264 4819 290 4865 in
309 4818 346 4866 eis
364 4823 421 4865 erut
438 4824 463 4867 et
481 4821 599 4869 lanariae
616 4826 683 4869 sant.
1052 4874 1054 4879 ,

349 4902 364 4948 6
382 4897 481 4966 Incipit
491 4896 556 4952 (lod.
567 4898 662 4952 Ambr.
682 4905 758 4967 p.90‚
775 4900 876 4967 lacera,
895 4902 1020 4970 obseura,
1039 4920 1130 4956 erasa:
1150 4901 1266 4956 eontulit
1284 4903 1321 4955 du
1333 4903 1403 4956 ltieu

265 4980 405 5049 usquead
424 5002 526 5049 pavere.
561 4982 732 5036 Exseribitur
749 4982 859 5041 Sallust.
880 4986 958 5040 Catil.
978 5004 1000 5040 o.
1015 4995 1055 5042 31.
