3300 6050
283 887 324 951 56
491 882 527 935 M.
542 879 711 935 CORNELII
728 877 936 933 FRONTONIS
954 876 1210 931 EPISTULARUM

283 1055 473 1140 magistrum
495 1051 613 1115 habere
634 1072 701 1113 non
723 1072 856 1114 merear.
901 1049 982 1113 Vale
1004 1048 1094 1132 mihi,
1118 1048 1252 1131 Front03
1281 1048 1357 1131 quid
1379 1048 1424 1111 di-

284 1179 354 1222 cam
375 1156 439 1219 nisi
463 1153 563 1218 amice
586 1151 727 1236 optime?

489 1322 630 1389 XVIII.
663 1322 837 1404 Magistro
860 1318 931 1388 Suo
955 1321 1082 1388 Caesar
1106 1318 1211 1388 Suus.

367 1456 579 1544 Inquantum
600 1481 651 1522 me
663 1458 790 1522 -iuverit
811 1458 906 1521 lectio
927 1458 1108 1521 orationum
1124 1457 1259 1520 istarum
1275 1456 1424 1539 Gracchi,

282 1586 349 1628 non
372 1585 451 1646 opus
474 1564 523 1625 est
540 1561 630 1647 llme
653 1561 767 1643 dicere,
802 1581 898 1643 quom
919 1563 955 1623 tu
977 1560 1059 1623 scias
1082 1559 1211 1643 optime,
1240 1558 1295 1642 qui
1317 1580 1367 1621 me
1389 1561 1426 1621 ut

283 1689 337 1730 eas
370 1665 511 1749 legerem
534 1662 722 1727 ‘doctissimo
754 1662 872 1726 iudicio
900 1684 937 1725 ac
967 1661 1198 1746 benignissimo
1231 1661 1339 1724 animo
1368 1663 1425 1723 tuo

282 1768 428 1830 hortatus
465 1788 508 1830 ec.
553 1764 604 1828 Ne
617 1766 743 1833 ‚autem
771 1763 840 1827 sine
869 1764 984 1827 comite
1011 1763 1096 1827 solus
1126 1764 1166 1827 ad
1193 1767 1225 1827 te
1247 1762 1328 1826 liber
1349 1766 1424 1826 tuus

224 1885 235 1893 ’
283 1869 467 1951 referretur,
491 1865 635 1930 libellum
656 1865 754 1928 istum
777 1865 893 1929 addidi.
938 1864 1030 1947 Vale,
1059 1865 1104 1928 mi
1128 1867 1284 1950 magister
1305 1865 1425 1928 suavis-

284 1971 373 2053 sime,
398 1970 499 2033 amice
523 1967 723 2050 amicissime,
753 1967 827 2050 quoi
850 1989 921 2030 sum
943 1968 1107 2032 debiturus
1130 1967 1282 2051 quidquid
1303 1966 1424 2029 littera-

284 2094 356 2135 rum
378 2071 488 2135 sciere.
534 2069 609 2133 Non
632 2092 702 2152 sum
727 2070 795 2131 tam
816 2069 965 2153 ingratus
988 2072 1112 2133 utnon
1133 2069 1321 2154 intellegam
1349 2067 1426 2151 quid

285 2173 363 2237 mihi
385 2172 595 2257 praestiteris
619 2193 715 2255 quom
737 2174 887 2254 excerpta
908 2174 965 2234 tua
983 2171 1063 2235 mihi
1078 2171 1258 2254 ostendisti,
1283 2173 1315 2234 et
1329 2192 1425 2254 quom

286 2274 401 2338 cotidie
428 2295 495 2338 non
522 2274 642 2337 desinis
674 2273 716 2336 in.
742 2273 828 2336 viam
855 2294 907 2336 me
933 2294 1042 2336 veram
1068 2274 1219 2337 inducere
1253 2275 1285 2336 01
1318 2271 1425 2336 oculos

283 2376 364 2440 mihi
387 2375 521 2458 aperire,
545 2378 582 2438 ut
604 2375 698 2459 volgo
720 2374 848 2438 dicitur.
872 2374 988 2439 Merito
1011 2397 1092 2439 amo.

645 2543 750 2610 XIX.
783 2544 956 2626 Magistro
983 2545 1071 2610 Meo.

369 2680 502 2758 Qualem
523 2680 603 2744 mihi
626 2681 768 2744 animum
790 2703 859 2744 esse
882 2681 1055 2763 existimas,
1083 2702 1178 2765 quom
1201 2681 1308 2765 cogito
1330 2704 1426 2764 quam

284 2784 338 2847 diu
359 2786 392 2846 te
414 2804 480 2847 non
501 2782 585 2864 vidi,
609 2786 642 2847 et
664 2806 759 2867 quam
781 2783 822 2847 ob
844 2805 912 2847 rem
933 2804 1004 2847 non.
1021 2784 1102 2847 vidi!
1127 2786 1159 2846 et
1179 2783 1326 2846 fortassis
1348 2805 1426 2865 pau-

286 2884 364 2949 culis
386 2886 419 2947 te
442 2884 546 2948 adhuc
569 2885 690 2967 diebus,
715 2885 807 2949 cum²
829 2887 861 2948 te
886 2887 1066 2949 necessario
1089 2886 1269 2968 confirmas
1293 2906 1360 2948 non
1382 2885 1426 2947 vi-

285 2986 375 3058 debo.
419 2984 525 3070 Igitur
552 2988 628 3051 dum
655 2990 691 3051 tu
718 2987 848 3071 iacebis,
877 2990 909 3051 et
931 2987 1011 3053 mihi
1034 2987 1159 3052 animus
1187 2987 1319 3071 supinus
1349 2987 1424 3050 erit:

285 3089 461 3172 quomque³
482 3092 519 3153 tu
541 3090 588 3152 dis
603 3090 787 3154 iuvantibus
809 3090 891 3154 bene
914 3090 1025 3170 stabis,
1048 3094 1080 3154 01
1094 3112 1183 3165 meus
1195 3091 1320 3153 animus
1343 3090 1426 3153 bene

286 3190 457 3272 constabit,
481 3190 535 3274 qui
550 3213 638 3254 nunc
653 3193 793 3255 torretur
808 3192 1031 3256 ardentissimo
1047 3192 1203 3256 desiderio
1218 3194 1304 3256 tuoe
1332 3191 1424 3275 Vale,

285 3293 392 3356 anima
415 3291 559 3357 Caesaris
581 3293 640 3375 tui,
665 3294 759 3357 amici
781 3294 841 3376 tui,
865 3294 1014 3378 discipuli
1035 3294 1093 3358 tui.

665 3462 748 3529 XX.
783 3463 934 3539 DomIno
956 3463 1044 3529 Meo.
1081 3465 1084 3469 ’

369 3597 500 3662 Lectulo
522 3619 573 3661 me
595 3601 700 3662 teneo,
739 3598 773 3663 si
795 3600 925 3683 possim,
949 3598 1002 3662 ubi
1027 3600 1067 3662 ad
1090 3598 1346 3664 (10111111110011004
1367 3600 1426 3663 ibi-

284 3700 337 3783 tis,
361 3699 471 3763 itineri
493 3700 626 3763 idoneus
649 3722 727 3784 esse,
750 3700 815 3765 VH
829 3701 900 3765 idus
921 3723 977 3765 vos
993 3701 1079 3765 Lorii
1094 3701 1207 3765 videbo
1229 3702 1295 3765 deis
1316 3702 1426 3765 faven-

284 3801 381 3864 tibus.
401 3801 425 3886 l⁵
439 3800 567 3865 Excusa
588 3824 639 3865 me
661 3801 799 3866 Domino
827 3807 937 3867 nostro
959 3804 1044 3888 patri
1066 3806 1137 3886 100,
1165 3826 1269 3887 quem,
1298 3803 1345 3866 ita
1369 3825 1425 3867 vos

285 3903 388 3966 salvos
415 3902 566 3967 habeam!
600 3926 719 3989 magno
746 3906 886 3987 pondere
914 3905 1043 3989 gravius
1072 3927 1143 3968 amo
1171 3909 1203 3969 01
1230 3905 1315 3987 0010,
1350 3927 1425 3988 quo-

284 4003 392 4067 niam6
425 4003 507 4068 bene
539 4006 574 4069 in
612 4009 724 4070 senatu
756 4006 934 4071 iudicatum
968 4010 1031 4090 est,
1069 4008 1153 4090 quod
1185 4010 1217 4071 01
1250 4007 1424 4090 provinciis

370 4226 387 4263 a
407 4212 438 4262 In
456 4213 581 4277 maraine:
600 4209 631 4261 ln
650 4209 717 4263 alio:
738 4209 868 4264 desiderii
886 4209 934 4263 tui.

370 4420 383 4465 1
402 4411 504 4482 Incipit
522 4412 588 4467 Cod.
608 4412 671 4467 Vat.
690 4430 718 4482 p.
733 4417 789 4467 153.

368 4503 383 4550 2
403 4495 469 4551 cod.
489 4515 530 4565 pr.
550 4513 585 4550 m.
606 4518 669 4551 num.

369 4589 384 4635 3
402 4580 453 4635 Est
470 4582 539 4636 haec
557 4599 610 4636 vox
628 4581 743 4637 incerta.

283 4750 308 4804 V
367 4671 384 4717 4
401 4665 476 4720 Villa
493 4666 572 4735 regia
590 4666 834 4722 centumcellensis
853 4668 1001 4723 aedificata
1023 4686 1040 4725 a
1058 4668 1187 4734 Traiano.
1225 4668 1264 4724 cf.
1284 4669 1352 4723 Plin.
1372 4669 1422 4741 Ep.

309 4752 330 4818 I,
349 4757 388 4805 31.
423 4755 519 4807 Maius.

369 4841 384 4889 5
401 4834 503 4903 Incipit
522 4835 587 4890 Cod.
606 4836 671 4890 Vat.
690 4842 789 4906 p.180.

369 4925 384 4973 6
403 4918 468 4974 cod.
487 4937 529 4989 pr.
549 4938 585 4974 m.
605 4940 654 4990 quo
674 4932 730 4987 tam,
751 4922 840 4976 altera
858 4941 911 4975 cum
929 4933 987 4976 tam.
