3300 6050
659 883 960 936 -ruoaaeonauu
1360 851 1395 954 'v
1434 889 1441 912 -’

255 1076 325 1116 mus
348 1058 381 1118 et
403 1055 634 1119 sanctissimus
679 1055 738 1119 Ille
760 1056 829 1138 ipse
851 1055 971 1117 Fronto
992 1054 1102 1118 fatuus
1123 1056 1235 1120 fuerit:
1258 1081 1325 1122 non
1347 1061 1395 1123 in-

255 1156 430 1240 tercedam,
454 1158 518 1239 sed,
544 1180 616 1221 curu
631 1157 665 1220 in
682 1157 882 1221 declamandi
904 1177 1023 1240 genere
1038 1179 1057 1218 a
1072 1160 1160 1221 recta
1182 1159 1234 1222 via
1255 1161 1396 1226 immane

254 1261 410 1340 quantum
439 1261 618 1341 aberraret,
653 1259 773 1321 bouum
799 1261 908 1321 tamen
943 1259 1047 1322 virum
1079 1261 1193 1342 fuisse,
1229 1262 1283 1344 qui
1313 1262 1396 1329 nihil

255 1363 377 1429 amaret
399 1361 462 1423 nisi
485 1361 568 1444 quod
590 1360 761 1423 honestum
784 1360 961 1442 videretur,
985 1360 1046 1423 hoc
1068 1361 1196 1444 quidem
1219 1384 1257 1424 ex
1280 1363 1395 1445 episto·
1485 1403 1504 1443 3

253 1461 356 1524 larum
380 1463 567 1526 commercio
590 1461 776 1545 planissime
800 1461 972 1546 colligitur.
1007 1461 1041 1526 Si
1062 1463 1097 1524 in
1120 1462 1256 1546 singulis
1279 1464 1395 1547 episto-

253 1563 292 1626 lis
315 1566 463 1627 accurate
486 1563 693 1647 perpenderis
716 1566 749 1625 et
772 1564 1003 1647 circumspecto
1018 1563 1135 1627 iudicio
1151 1564 1394 1647 examinaveris,

253 1687 319 1729 non
341 1668 470 1730 tantum
492 1665 568 1748 quid
589 1659 761 1747 scriptores
784 1665 910 1748 dicant,
940 1666 995 1728 sed
1022 1666 1123 1728 multo
1151 1666 1289 1730 maxime
1319 1668 1395 1751 quid

252 1766 392 1850 intelligi
413 1768 530 1849 velint,
560 1788 626 1830 non
648 1766 767 1829 sterilis
790 1788 887 1849 opera
909 1769 971 1831 erit
994 1768 1033 1830 ad
1056 1768 1295 1830 Antoninorum
1316 1773 1395 1834 tem-

251 1889 330 1950 pora
358 1869 537 1932 accuratius
566 1867 798 1951 cognoscenda.
843 1867 994 1931 Fontiunr
1021 1869 1157 1952 penuria
1183 1870 1308 1932 factum
1335 1874 1393 1953 est,

252 1972 288 2033 ut
310 1969 440 2033 difficile
463 1971 505 2033 sit
526 1969 667 2033 iudicare
690 1971 728 2032 de
751 1969 923 2032 decantata
949 1970 1005 2033 illa
1033 1970 1143 2053 populi
1165 1969 1304 2034 Romani
1326 1972 1395 2034 feli-

253 2071 350 2134 citate
372 2072 430 2134 sub
449 2072 688 2135 Antoninorum
710 2071 859 2154 inrperio3
883 2072 937 2134 sed
959 2070 1132 2135 Frontonis
1156 2071 1309 2155 epistolae
1332 2073 1394 2136 rite

250 2174 409 2236 tractatae
432 2173 556 2236 dabunt
576 2174 728 2255 pauciora
743 2194 839 2255 quam
856 2172 944 2254 velis,
969 2173 1024 2236 sed
1045 2172 1146 2236 multo
1168 2174 1271 2256 plura,
1297 2197 1394 2257 quam

251 2274 310 2337 viri
333 2275 417 2338 docti
441 2275 543 2338 adhue
572 2275 695 2358 opinati
721 2278 807 2338 sunt.
846 2274 1001 2338 Cautione
1027 2296 1107 2357 opus
1134 2277 1201 2355 est,
1225 2298 1267 2338 ne
1293 2275 1393 2340 Fron·
1497 2314 1502 2325 «

250 2376 335 2439 tonis
358 2376 527 2461 elegantiis
558 2379 590 2440 et
617 2377 771 2440 orationis
800 2377 912 2459 putide
939 2378 1055 2438 ornatu
1088 2376 1300 2459 decipiamur,
1335 2378 1391 2440 sed

250 2481 394 2560 superest
416 2481 524 2541 tamen
555 2478 691 2561 aliquid,
726 2478 810 2561 quod
838 2477 984 2560 equidem
1013 2499 1085 2539 cum
1112 2479 1221 2540 fructu
1249 2478 1391 2559 adhibui,

249 2582 286 2642 ut
306 2578 385 2641 mihi
407 2579 535 2642 illorum
556 2583 736 2662 temporum
752 2579 928 2664 imaginem
949 2579 1173 2642 instaurarem.
1205 2578 1295 2654 Quod
1317 2579 1392 2642 Avi-

250 2680 319 2760 dius
342 2680 470 2745 Oassius
494 2682 720 2746 contumeliose
743 2682 840 2763 dixit,
870 2681 915 2744 M.
939 2681 1143 2744 Antoninum
1165 2702 1231 2744 non
1252 2681 1391 2764 Impera-

248 2785 350 2845 torem
383 2805 451 2846 esse
480 2783 535 2846 sed
562 2783 792 2866 Dialogistam,
828 2784 883 2867 qui
915 2805 1013 2866 quum
1045 2772 1326 2866 philosopharetur
1360 2788 1392 2848 61

248 2888 415 2968 quaereret
437 2885 475 2948 de
497 2885 631 2948 honesto
654 2889 687 2948 et
713 2886 813 2967 iusto,
847 2907 914 2948 non
941 2886 1020 2949 satis
1047 2884 1182 2948 haberet
1208 2885 1324 2949 virium
1352 2888 1391 2950 ad

247 2987 379 3071 Imperii
393 3009 473 3051 onus
490 2987 723 3069 sustinendum,
747 2987 910 3052 idaeerbe
926 2987 1047 3051 dictum
1069 3009 1139 3051 esse
1162 2988 1311 3070 concedo,
1336 2989 1391 3053 sed

247 3090 331 3153 idem
361 3090 560 3152 verissimum
587 3111 655 3152 esse
684 3089 852 3153 contendo.
904 3089 990 3152 Dum
1019 3089 1158 3153 clemens
1187 3090 1250 3152 dici
1278 3091 1388 3171 voluit,

247 3191 324 3254 mali
356 3191 488 3254 licentia
522 3191 738 3254 abutebantur
771 3194 803 3254 et
832 3190 1050 3254 Romanorum
1082 3192 1297 3254 conditionem
1331 3191 1389 3254 sub

222 3293 367 3376 ..optimo
401 3292 551 3376 Principe
588 3296 698 3356 tamen
735 3293 948 3356 miserrimam
980 3293 1080 3355 fuisse
1114 3292 1270 3355 existimo.
1302 3292 1389 3362 ,Ali-

247 3398 367 3478 quanto
388 3395 502 3458 melius
524 3416 612 3458 nunc
633 3394 808 3477 poterimus
830 3393 981 3475 iudicare,
1005 3396 1074 3455 tum
1096 3393 1173 3474 quid
1195 3393 1294 3456 altero
1316 3398 1389 3477 post

247 3496 411 3561 Christum
442 3496 566 3560 saeculo
594 3496 748 3560 Romanis
777 3495 962 3559 hominibus
989 3518 1027 3557 ex
1050 3516 1125 3558 vera
1148 3498 1180 3557 61
1202 3496 1389 3579 incorrupta

153 3633 161 3643 κ
247 3600 439 3682 antiquitate
462 3602 652 3682 superesset,
677 3599 760 3682 quod
783 3619 860 3662 sane
882 3620 997 3680 parum
1019 3600 1078 3679 est,
1103 3596 1270 3680 tum-quid
1292 3597 1388 3660 evilu-

245 3701 323 3764 isset
345 3704 440 3783 atque
469 3700 625 3781 efficeret,
656 3703 692 3763 ut
714 3700 889 3783 Imperium
910 3698 1091 3761 Romanum
1119 3701 1204 3761 stare
1230 3699 1295 3761 iam
1321 3721 1388 3762 non

245 3804 353 3884 posset
375 3804 408 3864 et
430 3802 519 3865 brevi
540 3805 613 3884 post
635 3823 788 3884 praeceps
810 3802 888 3883 iret,
913 3801 1014 3864 donec
1036 3800 1245 3863 barbarorum
1267 3802 1387 3883 praeda
1445 3831 1446 3834 ¹

186 3957 189 3961 .
245 3903 345 3966 fieret.
396 3902 546 3966 Pluribus
577 3903 656 3966 haec
689 3902 797 3966 omnia
829 3905 1015 3985 persecutus
1043 3905 1093 3964 est
1120 3901 1301 3965 Fridericus
1323 3901 1388 3965 Ro-

245 4004 348 4085 1111111,
373 4006 426 4086 qui
454 4004 498 4067 A⁰
522 4006 601 4069 1817
630 4004 863 4089 Norimbergae
889 4005 925 4067 in
951 4008 1190 4088 programmate
1212 4026 1386 4087 paucarum

115 4166 119 4174 ,
209 4157 212 4161 ,
245 4106 439 4190 paginarum
461 4106 499 4169 de
522 4106 693 4171 Frontonis
715 4106 934 4188 Epistolarum
964 4105 1069 4168 studio
1091 4105 1184 4169 utilia
1206 4107 1332 4170 monuit
1354 4110 1386 4170 et

244 4207 330 4271 lectu
352 4207 501 4272 iucunda.

182 4305 184 4309 ⁴
329 4308 416 4382 Quae
438 4312 561 4373 veteres
578 4312 748 4393 scriptores
766 4311 804 4373 de
819 4310 981 4374 Frontone
996 4311 1208 4393 tradiderunt,
1233 4311 1384 4376 eiusmodi

245 4414 352 4493 erant,
382 4414 419 4474 ut
447 4433 531 4474 anno
556 4412 637 4476 1815
660 4434 783 4475 summa
804 4411 971 4475 hominum
993 4413 1230 4496 exspectatione
1252 4412 1384 4474 nuntius

245 4512 453 4595 acciperetur,
477 4512 608 4595 Maium,
633 4513 687 4595 qui
709 4516 779 4576 tum
803 4518 908 4577 custos
925 4517 994 4577 erat
1009 4515 1134 4577 additus
1150 4512 1383 4576 Ambrosianae

244 4613 472 4696 bibliothecae,
508 4615 679 4677 editionem
705 4636 819 4697 parare
847 4616 1019 4678 Frontonis
1041 4614 1258 4697 Epistolarum
1281 4635 1382 4696 quan-

243 4714 318 4779 tivis
340 4716 451 4798 pretii,
476 4738 554 4799 quas
576 4716 611 4777 in
635 4716 741 4779 codice
764 4716 900 4797 quodam
922 4716 1078 4798 rescripto
1100 4716 1287 4779 invenisset.
1318 4715 1383 4779 No-

243 4820 313 4881 tum
335 4820 404 4880 erat
430 4817 475 4880 M.
500 4816 683 4881 Cornelium
710 4816 905 4879 Frontonem
934 4815 1023 4881 Cirta
1045 4818 1080 4880 in
1102 4817 1254 4881 Numidia
1276 4818 1382 4880 oriun-

243 4917 333 5003 dum,
363 4919 422 4984 sub
444 4918 526 4984 Divo
547 4918 713 4982 Hadriano
735 4919 820 4987 inter
842 4941 1015 4983 causarum·
1030 4922 1181 5007 patronos
1204 4919 1382 5008 principem

1514 931 1523 962 t
