3300 6050
454 869 504 928 AD
522 869 558 928 M.
573 868 765 927 CAESAREM
782 870 830 926 ΕΤ
848 866 1001 926 INVICEM
1017 866 1126 926 LIBER
1143 866 1190 925 III.
1352 869 1392 936 51

251 1048 323 1111 dem
345 1069 416 1111 mea
440 1045 604 1110 commoda
626 1044 690 1108 tuis
706 1043 900 1108 utilitatibus
917 1046 1127 1127 anteponam,
1150 1042 1238 1126 quin,
1266 1043 1293 1105 si
1315 1063 1395 1126 opus

251 1150 303 1231 sit,
339 1170 409 1212 meo
438 1147 626 1232 gravissimo
658 1146 767 1209 labore
801 1149 897 1230 atque
923 1144 1055 1229 negotio
1081 1148 1173 1208 tuum
1200 1144 1395 1208 levissimum

251 1253 352 1314 otium
373 1251 538 1314 redimam.
582 1248 688 1333 Igitur
711 1248 870 1331 cogitans,
901 1250 1058 1330 quantum
1086 1268 1124 1310 ex
1145 1245 1291 1330 epistulis
1318 1247 1394 1309 scri-

251 1354 364 1417 bendis
396 1351 515 1416 laboris
550 1372 701 1433 caperes,
741 1370 969 1432 proposueram
1000 1348 1128 1431 parcius
1160 1352 1192 1412 te
1221 1349 1393 1432 appellare,

252 1477 347 1539 quom
376 1458 414 1519 tu
449 1453 564 1517 cotidie
598 1451 756 1535 scripsisti
776 1448 872 1532 mihi3
906 1471 985 1533 quas
1019 1470 1079 1533 ego
1116 1450 1269 1533 epistulas
1301 1473 1396 1534 quom

253 1557 440 1640 acciperem,
465 1553 568 1618 simile
590 1553 738 1637 patiebar
760 1551 844 1635 quod
873 1556 997 1614 amator
1019 1551 1152 1635 patitur,
1183 1552 1237 1635 qui
1265 1552 1395 1616 delitias

252 1681 325 1721 suas
347 1658 455 1721 videat
478 1677 604 1720 currere
633 1655 672 1718 ad
700 1675 733 1717 se
762 1675 820 1737 per
847 1654 911 1716 iter
938 1675 1087 1736 asperum
1113 1655 1146 1716 et
1173 1653 1395 1737 periculosum.

252 1759 398 1843 Namque
426 1759 453 1825 is
481 1757 576 1820 simul
598 1756 821 1820 advenientem
838 1756 863 1841 Ἡ
880 1756 1009 1839 gaudet,
1033 1755 1127 1818 simul
1149 1756 1324 1838 periculum
1345 1779 1396 1820 ve-

253 1861 369 1925 retur².
414 1859 507 1924 Unde
542 1859 691 1942 displicet
721 1856 801 1920 mihi
829 1856 941 1920 fabula
975 1857 1186 1921 histrionibus
1223 1858 1394 1941 celebrata,

253 1963 308 2027 ubi
337 1985 449 2026 amans
483 1964 645 2026 amantem
672 1959 780 2043 puella
812 1961 960 2023 iuvenem
990 1962 1086 2022 nocte
1118 1959 1239 2024 lumine
1261 1982 1397 2024 accenso

253 2068 343 2128 stans
364 2066 400 2129 in
421 2065 502 2128 turri
524 2066 692 2127 natantem
714 2062 748 2124 in
771 2062 880 2124 mare³
902 2061 1078 2145 opperitur.
1101 2059 1187 2124 Nam
1209 2083 1270 2145 ego
1289 2063 1396 2145 potius

252 2170 285 2255 te
309 2188 449 2248 caruero,
473 2165 602 2231 tametsi
626 2185 732 2228 amore
754 2166 810 2227 tuo
834 2163 939 2243 ardea,
963 2162 1189 2246 potiusquam
1210 2166 1243 2227 te
1269 2165 1309 2227 ad
1335 2163 1396 2229 hoc

252 2269 357 2332 noctis
379 2271 492 2332 natare
519 2270 648 2331 tantum
675 2265 828 2348 profundi
856 2263 977 2347 patiar3
1010 2286 1052 2327 ne
1084 2264 1161 2327 luna
1187 2265 1321 2347 occidat,
1355 2288 1396 2330 ne

254 2372 367 2435 ventus
399 2369 563 2434 lucernam
593 2367 801 2449 interemat⁴,
839 2387 881 2429 ne
909 2366 984 2449 quid
1011 2365 1078 2429 ibi⁵
1105 2387 1122 2428 e
1147 2365 1269 2450 frigore
1301 2367 1396 2450 inpli-

255 2471 370 2554 ciscar,
398 2493 440 2534 ne
461 2471 587 2553 fluctus,
611 2491 653 2534 ne
675 2469 785 2550 vadus,
814 2489 856 2533 ne
877 2468 975 2550 piscis
998 2467 1104 2551 aliquo
1126 2468 1261 2532 noxsitl.
1306 2467 1396 2533 Haec

253 2573 355 2637 oratio
383 2573 566 2636 amantibus
600 2571 721 2653 decuit,
758 2572 790 2634 et
822 2569 934 2633 melior
961 2572 994 2632 et
1027 2569 1184 2633 salubrior
1210 2570 1290 2653 fuit,
1330 2593 1397 2634 non

254 2674 359 2738 alieno
383 2673 512 2759 capitali
539 2673 680 2757 periculo
708 2671 824 2736 sectari
846 2671 1020 2754 voluptatis
1047 2692 1176 2735 usuram
1202 2672 1331 2736 brevem
1359 2694 1397 2736 ao

254 2777 492 2860 paenitendum.
536 2775 633 2839 Nunc
654 2777 691 2838 ut
714 2797 732 2837 a
753 2774 865 2838 fabula
887 2773 926 2836 ad
949 2795 1058 2858 verum
1083 2777 1260 2856 convertar,
1284 2774 1317 2838 id
1337 2796 1397 2858 ego

254 2900 320 2942 non
342 2877 543 2942 mediocriter
566 2877 698 2941 anexius
722 2897 819 2958 eram,
844 2875 904 2938 ne⁷
928 2875 1116 2939 necessariis
1143 2874 1306 2939 laboribus
1333 2877 1397 2939 tuis

255 3001 315 3065 ego
342 2979 475 3063 insuper
504 2979 652 3064 aliquod8
685 2977 851 3043 molestiae
877 2980 973 3061 atque
1000 2977 1106 3041 oneris
1134 2976 1339 3062 inponerem,
1369 2978 1397 3042 si

254 3085 383 3166 praeter
410 3103 462 3144 eas
498 3081 667 3165 epistulas,
702 3102 780 3164 quas
809 3080 850 3142 ad
877 3079 1031 3163 plurimos
1058 3080 1238 3143 necessario
1265 3102 1398 3144 munere

256 3184 371 3248 cotidie
399 3183 563 3266 rescribis,
598 3184 678 3267 agol
715 3203 838 3265 quoque
853 3251 855 3257 ,
868 3181 909 3243 ad
940 3181 1180 3245 rescribendum
1213 3181 1397 3265 fatigarem.

209 3316 213 3319 ·
255 3285 340 3350 Nam
362 3306 412 3348 me
436 3306 543 3350 carere
564 3284 652 3348 omni
672 3284 782 3347 fructu
803 3281 920 3345 amoris
947 3282 994 3345 tui
1021 3281 1143 3364 malim,
1173 3304 1268 3365 quam
1296 3286 1328 3346 te
1356 3304 1398 3346 ne

255 3387 424 3451 minimum
451 3386 578 3471 quidem
605 3385 799 3450 incommodi
826 3383 1001 3467 voluptatis
1028 3405 1118 3447 meae
1145 3383 1252 3467 gratia
1280 3383 1397 3449 subire.

342 3666 353 3711 1
373 3658 474 3728 Incipit
492 3657 557 3713 Cod.
577 3654 640 3711 Vat.
660 3674 687 3727 p.
701 3662 759 3710 241.

340 3749 355 3797 ‘3
375 3742 481 3797 Codex:
500 3754 641 3797 veneretur.
677 3740 831 3795 lacobsius:
850 3751 992 3795 rerer-rtur.

340 3828 417 3881 alta
435 3827 536 3881 Codex.

339 3912 417 3965 rita
435 3911 536 3967 Codex.

158 4035 161 4040 -
341 3997 418 4050 5Ita
442 3995 542 4050 Codex.
578 3996 667 4051 Maius
690 4002 741 4050 tibi.
776 3996 929 4050 Iacobsius:
952 3999 1139 4063 implicareris,
1170 3993 1285 4049 laudato
1307 3996 1398 4051 Plaut.

255 4081 483 4150 Amphr.111‚a
504 4087 544 4135 97.
586 4079 613 4135 C.
632 4080 661 4135 F.
676 4080 721 4135 W.
735 4081 866 4134 Miillcrus
888 4080 917 4133 in
938 4080 1037 4135 Annal.
1061 4080 1154 4134 Fleck.
1181 4079 1268 4134 XCIII
1290 4100 1316 4151 p.
1336 4088 1399 4138 487:
1488 4134 1491 4140 .

256 4165 348 4236 potius
368 4182 451 4233 quam
470 4170 513 4219 ted
529 4164 582 4218 hoc
599 4164 688 4219 noctis
705 4196 738 4205 —
756 4182 791 4219 ne
810 4164 877 4233 quid
894 4164 946 4218 tibi
965 4182 998 4218 ex
1015 4165 1121 4233 ffigore
1139 4170 1291 4233 inplicr'scar,
1314 4184 1348 4221 ne
1366 4198 1400 4207 -

256 4256 341 4319 aliqrca
358 4249 472 4303 noxsit.·

342 4341 357 4389 6
374 4333 469 4387 Verba
485 4340 642 4404 inplier'scar,
661 4342 740 4390 vadere
758 4334 787 4389 et
799 4340 887 4390 nonsit
905 4336 1071 4403 repetuntur
1087 4334 1116 4388 in
1128 4334 1255 4403 margine
1273 4335 1304 4388 ut
1321 4336 1399 4389 nato-

257 4417 332 4473 bilia.
369 4419 544 4475 Postremum
561 4420 656 4474 tamen
673 4420 702 4472 in
720 4418 847 4487 margine
865 4418 995 4471 scribitur
1013 4426 1094 4475 ηοωίι.
1129 4424 1226 4474 Maias.

342 4510 357 4557 7
375 4504 461 4558 Deest
478 4505 506 4557 in
525 4502 591 4558 Cod.

288 4621 292 4628 .
341 4587 671 4658 8C0d.p1·.m.'a!r'q210.

342 4679 358 4727 9
375 4672 493 4726 Videtur
512 4671 662 4741 repetitum
680 4669 709 4723 in
727 4670 837 4724 Codice.
907 4688 912 4696 ·
