3300 6050
634 866 683 918 AD
701 864 835 919 AMICOS
853 864 960 918 LIBER
977 864 1012 918 ΙΙ.
1333 867 1393 929 193

252 1035 336 1118 quod
359 1057 396 1098 ea
417 1056 468 1098 res
490 1034 643 1117 postula,
667 1038 703 1097 ut
726 1057 797 1098 cum
820 1034 958 1118 epistula
981 1034 1153 1097 coniuncta
1175 1034 1217 1096 sit
1239 1033 1394 1117 quaedam

254 1136 489 1200 causidicati01.

336 1238 418 1302 Rem
433 1259 562 1301 omnem
577 1238 634 1319 ita,
659 1241 695 1300 ut
709 1237 789 1300 mihi
803 1237 995 1301 Volumnius
1019 1237 1175 1320 exposuit,
1199 1258 1393 1321 proponam3

160 1332 162 1335 ¹
253 1340 346 1403 simul
368 1342 401 1403 et
423 1338 661 1422 unumquidque
684 1360 836 1402 verumne
860 1340 903 1402 sit
923 1339 1055 1422 rogabo.

336 1441 438 1503 Estne
465 1440 537 1523 lege
573 1439 716 1503 coloniae
739 1439 1024 1504 Concordiensium
1060 1442 1205 1525 cautum,
1241 1462 1282 1503 ne
1322 1440 1393 1523 quis

253 1543 391 1607 scribam
412 1542 504 1626 faxit,
529 1542 591 1604 nisi
615 1564 687 1606 eum
702 1564 796 1626 quem
813 1540 1018 1605 decurionem
1032 1563 1156 1624 quoque
1177 1544 1264 1604 recte
1285 1541 1393 1605 facere

252 1643 376 1728 possit?

336 1745 522 1809 Fueruntne
549 1767 659 1810 omnes
688 1753 720 1808 et
742 1748 819 1809 sunt
846 1745 886 1808 ad
909 1744 970 1808 hoc
991 1743 1164 1826 locorum²,
1198 1744 1313 1827 quibus
1335 1765 1392 1807 un·

252 1870 348 1932 quam
370 1847 529 1931 scriptus³
550 1846 696 1931 publicus
719 1846 915 1911 Concordiae
936 1846 1022 1910 latus
1045 1849 1104 1929 est,
1128 1844 1340 1909 decuriones?

336 1948 495 2012 Factusne
518 1951 567 2012 est
588 1948 780 2012 Volumnius
802 1949 930 2012 decreto
959 1946 1079 2022 ordinis
1107 1947 1213 2010 scriba
1241 1950 1273 2010 et
1301 1946 1394 2022 decu-

252 2050 322 2114 rio‘?
364 2050 540 2114 Pensiones
560 2049 713 2133 plurimas
735 2050 776 2113 ad
798 2052 946 2132 quartam
967 2071 1066 2133 usque
1088 2049 1129 2112 ob
1151 2048 1394 2112 decurionatum

252 2151 488 2235 dependitne4?
556 2145 560 2150 Α

335 2251 462 2317 Ususne
477 2256 527 2316 est
541 2275 598 2336 per
620 2252 760 2337 quinque
776 2256 809 2316 et
823 2253 1039 2338 quadraginta
1061 2274 1162 2316 annos
1177 2250 1324 2341 omnibus
1340 2251 1391 2315 de-

253 2355 418 2418 curionum
441 2354 599 2438 praemis⁵
622 2354 872 2439 commodisque,
898 2357 985 2419 cenis
1008 2354 1156 2436 publiciS,
1180 2353 1335 2436 incuria,
1359 2353 1394 2415 in

252 2455 466 2540 spectaculis?
511 2454 698 2539 Cenavitne,
723 2456 848 2519 seditne
870 2459 907 2519 ut
929 2456 1056 2520 decurio
1063 2505 1072 2538 ‚
1097 2453 1308 2518 censuitnel‘?

336 2557 370 2622 Si
398 2578 460 2641 quo
487 2579 562 2620 usus
589 2557 653 2620 fuit
679 2557 806 2640 publice
833 2557 988 2642 legando,
1022 2557 1191 2641 legatusne
1219 2559 1269 2619 est
1297 2554 1394 2619 Volu-

251 2659 358 2721 mnius
380 2657 652 2742 saepenumero⁷?

336 2760 438 2823 Estne
464 2759 637 2824 Volumnio
665 2759 773 2845 legato
807 2761 979 2846 (sem)per8
1006 2760 1171 2823 viaticum
1186 2759 1314 2843 publice
1342 2759 1393 2822 de-

253 2860 396 2925 cretum?
1388 2924 1391 2929 ,

335 2962 418 3026 Item
446 2963 618 3047 legationis
646 2963 685 3028 de
712 2985 746 3028 re
773 2963 1004 3028 frumentaria⁹
1038 2963 1141 3048 gratis
1175 2984 1194 3028 a
1220 2961 1394 3027 Volumnio

252 3065 451 3145 susceptae¹⁰
471 3068 561 3129 estne
583 3066 618 3128 in
641 3066 879 3129 commentariis
901 3065 1038 3149 publicis
1061 3066 1183 3148 scripta
1206 3086 1393 3128 commemo-

251 3165 358 3228 ratio?

337 3266 371 3331 Si
386 3267 494 3330 omnia
515 3268 588 3350 ista,
613 3288 693 3351 quae
716 3267 911 3351 supradixi,
934 3267 981 3331 ita
1003 3267 1148 3348 decreta,
1171 3267 1218 3329 ita
1241 3267 1391 3351 depensa,

251 3369 298 3431 ita
320 3371 413 3451 gesta
435 3372 526 3452 sunt,
551 3369 657 3451 quid¹¹
677 3372 726 3432 est
748 3390 804 3433 our
827 3368 952 3431 dubites
975 3371 1048 3450 post
1069 3368 1209 3451 quinque
1225 3368 1302 3453 etl¹²
1318 3390 1393 3451 qua-

337 3560 350 3607 1
368 3554 543 3608 Vocabulum
559 3555 710 3623 repetitum
727 3554 756 3607 in
774 3554 908 3624 margine.

335 3644 351 3691 2
369 3639 412 3693 Ita
431 3638 497 3693 Cod.
515 3641 547 3693 ut
563 3640 679 3694 videtur.
715 3639 804 3693 Maius
820 3639 969 3693 videbatur
987 3638 1040 3693 sibi
1057 3639 1151 3693 videre
1169 3646 1288 3694 locurum.

336 3730 351 3777 3
369 3722 543 3777 Vocabulum
559 3725 702 3792 hucusque
719 3726 817 3777 notum
835 3724 916 3778 unico
935 3723 1061 3792 exemplo
1083 3722 1190 3777 Pisonis
1208 3739 1252 3792 ap.
1272 3722 1392 3777 Gellium

250 3805 296 3860 Vl.
316 3812 340 3860 9.
376 3812 470 3862 Maius.
504 3808 677 3863 Eolrsteinius
700 3808 797 3862 laudat
813 3806 902 3861 vitam
918 3808 1027 3862 Horatii
1044 3807 1073 3861 in
1092 3806 1218 3862 Suetonii
1234 3806 1323 3874 Reliq.
1340 3807 1390 3860 Ed.

249 3891 455 3947 Reifferscheid.
473 3911 501 3961 p,
518 3899 565 3946 44:
593 3900 714 3962 scriptum
732 3898 903 3963 quaestorium
920 3898 1084 3961 comparauit.

334 3984 351 4031 4
369 3977 412 4031 Ita
430 3976 531 4031 Codex.
560 3976 602 4031 De
624 3977 803 4046 pensionibus
820 3992 872 4046 pro
891 3976 1007 4032 introitu
1023 3977 1052 4030 in
1076 3977 1181 4031 curiam
1198 3976 1322 4044 loquitur
1338 3976 1392 4030 Pli-

252 4059 313 4114 nius
331 4061 382 4130 Ep.
400 4061 434 4115 X.
455 4068 512 4115 113.
548 4066 642 4116 Maius.

335 4151 350 4199 5
368 4145 412 4199 Ita
430 4144 530 4199 Codex.

335 4235 350 4283 6
369 4229 435 4284 Tria
451 4232 596 4299 postrema
612 4231 748 4285 vocabula
767 4234 906 4287 corrector
923 4231 1033 4287 addidit
1049 4232 1125 4286 intra
1141 4230 1188 4286 lin.
1209 4234 1238 4286 et
1255 4249 1345 4301 marg.

335 4321 350 4368 7
367 4314 456 4368 Erant
465 4315 538 4368 enim
547 4315 702 4383 legationes
714 4316 808 4371 munia
824 4317 1011 4371 decurionum.
1036 4317 1099 4386 Dig.
1113 4317 1205 4371 Lan.
1211 4318 1240 4371 ff.
1251 4323 1275 4371 5.
1295 4322 1390 4370 Maius.

334 4405 350 4452 8
370 4404 468 4467 Lepato
485 4399 588 4467 legitur
605 4399 634 4452 in
650 4401 704 4454 fine
721 4418 830 4466 versus;
856 4401 952 4469 itaque
969 4401 1047 4455 licuit
1072 4419 1134 4455 cum
1150 4400 1311 4454 Heindorfio
1334 4402 1391 4454 tres

251 4483 379 4552 supplere
397 4483 512 4537 litteras.

335 4572 350 4620 9
369 4565 435 4621 Cod.
453 4585 495 4637 pr.
515 4585 550 4621 m.
571 4574 811 4623 deremmentarium.
848 4568 974 4623 Correxit
990 4570 1083 4638 prima
1099 4586 1208 4623 manus:
1237 4588 1319 4620 cerem
1332 4573 1391 4631 snc-

249 4658 405 4705 meritoriam.

319 4743 351 4789 10
367 4735 409 4790 De
426 4735 567 4805 legatione
590 4737 678 4804 gratis
696 4738 826 4804 suscepta
842 4737 906 4804 Dig.
925 4737 955 4790 L.
975 4744 998 4791 7.
1021 4744 1059 4790 ll.
1088 4742 1183 4791 Maius.

319 4826 349 4873 11
369 4819 475 4875 Codex:
493 4828 529 4875 id.

319 4910 350 4958 12
368 4905 469 4974 Incipit
487 4904 553 4959 Cod.
572 4924 599 4974 p.
619 4911 677 4972 289,
696 4922 783 4959 crasa.

288 5022 386 5059 raons.
400 5026 435 5059 nr
447 5027 548 5064 auxen.
561 5027 651 5061 emer.
873 5077 875 5080 ι
1148 4993 1186 5053 13
