3300 6050
265 881 328 942 212
614 877 650 930 M.
666 876 835 930 CORNELII
854 876 1060 930 FRONTONIS

286 1029 287 1034 ¹
349 1046 525 1129 Postremo,
549 1050 585 1109 ut
607 1048 795 1111 novissimos
816 1050 852 1110 in
875 1048 1133 1131 epigrammatis¹
1159 1068 1267 1110 versus
1289 1046 1407 1109 habere

264 1153 390 1233 oportet
413 1149 533 1233 aliquid
554 1149 695 1233 luminis,
726 1149 888 1214 sententia
914 1150 996 1213 clavi
1019 1149 1125 1232 aliqua
1148 1149 1197 1212 vel
1224 1148 1322 1211 fibula
1344 1152 1406 1211 ter-

264 1251 416 1314 minanda
439 1251 516 1314 estl.

348 1353 387 1416 In
421 1353 532 1436 primis
568 1356 675 1433 autem
709 1354 862 1416 sectanda
890 1356 939 1416 est
968 1353 1120 1415 suavitas.
1166 1351 1313 1436 Namque
1346 1352 1406 1415 hoc

264 1477 366 1539 genus
389 1454 543 1518 orationis
572 1476 638 1517 non
670 1456 783 1539 capitis
813 1455 1005 1519 defendendi
1027 1476 1088 1518 neo
1117 1454 1297 1517 suadendae
1325 1454 1406 1538 legis

264 1579 324 1620 nec
347 1557 504 1620 exercitus
528 1555 718 1620 adhortandi
747 1579 807 1620 neo
836 1557 1084 1620 inflammandae
1114 1556 1272 1619 contionis
1296 1556 1406 1621 scribi-

264 1663 327 1742 tur,
352 1659 405 1722 sed
429 1658 618 1722 facetiarum
640 1662 673 1722 et
695 1659 880 1742 voluptatis,

349 1760 475 1845 Ubique
505 1782 579 1824 vero
606 1764 642 1824 ut
670 1762 708 1824 de
735 1782 769 1824 re
799 1761 907 1843 ampla
936 1764 968 1823 et
1000 1760 1406 1844 magnifica'loquendnm,

264 1884 444 1945 parvaeque
466 1884 517 1926 res
539 1863 667 1947 magnis
684 1862 923 1926 adsimulandae
947 1862 1252 1945 comparandaeque.
1277 1861 1408 1926 Simrma

266 1965 401 2047 denique
423 1964 458 2026 in
481 1965 541 2029 hoc
555 1952 673 2048 genere
702 1964 857 2028 orationis
881 1965 981 2027 virtus
1004 1968 1053 2027 est
1076 1964 1303 2027 adseveratiol.
1349 1963 1408 2025 Fa-

265 2065 359 2128 bulae
375 2065 469 2128 deum
484 2066 534 2129 vel
549 2066 681 2130 heroum
696 2067 886 2149 tempestive
901 2064 1100 2148 inserendae,
1118 2065 1195 2128 item
1207 2087 1316 2128 versus
1335 2087 1408 2128 con-

265 2169 418 2252 gruentes
446 2169 479 2230 et
500 2167 668 2251 proverbia
693 2168 932 2231 accommodata
961 2171 993 2231 et
1020 2189 1087 2230 non
1115 2167 1243 2230 inficete
1271 2167 1409 2230 conficta

265 2269 442 2351 mendacia,
477 2270 551 2332 dum
579 2269 610 2332 id
644 2270 846 2334 mendacium
878 2272 1068 2352 argumento
1097 2268 1202 2352 aliquo
1230 2268 1334 2351 lepido
1362 2269 1408 2331 iu-

265 2374 386 2435 vetum.

351 2471 564 2555 Cumprimis
587 2477 693 2537 autem
717 2473 848 2537 difficile
871 2476 920 2538 est
943 2477 1134 2558 argumenta
1159 2473 1206 2537 ita
1228 2473 1407 2555 disponere,

266 2578 302 2637 ut
325 2575 368 2637 sit
394 2574 471 2637 ordo
500 2595 608 2636 eorum
634 2576 695 2637 rite
727 2596 876 2638 conexus.
927 2574 1017 2649 Quod
1044 2575 1098 2638 ille
1127 2574 1252 2659 l⁴Plato
1279 2574 1409 2637 Lusiam

267 2676 375 2758 culpat
402 2676 437 2738 in
459 2674 620 2758 Phaedre,
651 2678 885 2740 sententiarum
907 2677 1051 2745 ordinem
1079 2678 1119 2748 ab
1148 2699 1185 2740 eo
1212 2677 1259 2740 ita
1288 2680 1409 2740 temere

267 2778 472 2861 permixtum,
501 2779 538 2840 ut
561 2779 630 2841 sine
652 2778 716 2841 ullo
740 2778 931 2841 detrimento
953 2779 1057 2860 prima
1078 2779 1113 2841 in
1135 2779 1343 2842 novissimum
1364 2778 1409 2840 lo-

268 2901 340 2942 cum
372 2878 610 2942 transferantur
644 2883 676 2942 et
703 2879 877 2943 novissima
909 2880 944 2942 in
976 2880 1148 2963 primuml,
1184 2901 1254 2943 eam
1282 2879 1410 2963 culpam

266 2982 313 3044 ita
341 2979 569 3064 devitabimuS,
602 2982 629 3045 si
658 2981 760 3046 divisa
787 2982 968 3067 generatim
996 2984 1187 3067 argumenta
1213 2985 1378 3046 nectemus
1386 2997 1407 3063 c,

267 3104 331 3146 non
355 3105 466 3166 sparsa
487 3106 547 3148 nec
570 3085 638 3147 sine
661 3084 844 3148 discrimine
873 3088 1044 3169 aggerata,
1073 3087 1110 3146 ut
1140 3082 1222 3171 [ea]⁵
1249 3106 1329 3167 quae
1351 3107 1410 3167 per

268 3188 410 3248 saturam
432 3185 591 3268 feruntur,
621 3186 676 3250 sed
699 3190 735 3250 ut
756 3187 950 3269 praecedens
980 3186 1141 3249 sententia
1166 3186 1410 3269 insequentem

266 3287 418 3351 laciniam
446 3287 585 3370 aliquam
611 3288 758 3371 porrigat
785 3292 817 3352 et
840 3309 928 3351 oram
945 3289 1154 3371 praetendat3
1182 3288 1237 3351 ubi
1258 3289 1345 3371 prior
1367 3289 1411 3350 sit

267 3389 360 3452 finita
382 3389 552 3472 sententia,
576 3389 650 3453 inde
666 3392 704 3453 ut
718 3411 853 3473 sequens
868 3390 1026 3472 ordiatur3
1049 3390 1095 3453 ita
1118 3389 1204 3453 enim
1225 3389 1409 3473 transgredi

267 3490 372 3573 potius
395 3490 571 3555 videbimur
593 3514 687 3575 quam
710 3492 882 3555 transilire.

352 3590 471 3655 Verum
499 3593 532 3655 hi
558 3615 623 3656 non
652 3643 658 3656 .
684 3643 690 3656 .
718 3643 724 3656 .
751 3643 757 3656 .
782 3592 928 3657 Variatio
958 3593 1009 3656 vel
1033 3615 1103 3656 cum
1133 3593 1323 3656 detrimento
1352 3594 1409 3656 ali-

268 3713 330 3775 quo
352 3693 476 3777 gratior
498 3697 546 3757 est
568 3695 602 3756 in
624 3695 768 3758 oratione
791 3717 887 3777 quam
910 3697 998 3758 recta
1021 3693 1261 3759 continuatiold
1266 3744 1407 3757 .....

354 3964 371 3999 a
388 3950 421 3999 ln
438 3952 564 4015 urarpine:
581 3946 756 4001 Mendacium
775 3948 941 4017 argumento
960 3948 1053 4017 aliquo
1071 3948 1164 4018 lepido
1182 3948 1339 4002 iuvandum.

353 4032 371 4083 b
390 4035 423 4083 In
441 4036 568 4099 marpine:
585 4031 666 4085 Plato
684 4062 717 4070 —
735 4032 770 4085 ab
790 4047 822 4085 eo
841 4034 1013 4101 tempore-
1030 4032 1059 4085 in
1077 4032 1205 4101 primum.

354 4119 419 4168 cIn
437 4121 564 4183 aaarpine:
581 4116 754 4170 Praecedens
776 4117 915 4170 sententia
941 4117 969 4169 in
996 4120 1157 4183 sequentem
1181 4117 1265 4171 debet
1287 4117 1410 4183 aliquam

268 4198 433 4267 particulam
450 4206 595 4268 porricere,
615 4200 690 4267 quod
707 4200 850 4264 vitabitur,
868 4200 891 4253 si
909 4203 1075 4269 argumenta
1092 4202 1248 4256 nectantur.

324 4358 334 4367 η
354 4283 372 4336 d
389 4287 422 4336 Iu
440 4289 567 4351 marplne:
584 4283 710 4340 Variatio
728 4316 761 4324 -
779 4285 958 4340 continuatio.

310 4549 313 4554 ,
356 4512 368 4558 1
389 4506 455 4561 (lod.
474 4524 515 4574 pr.
535 4524 570 4560 m.
591 4511 803 4575 epiprummantis.

354 4596 369 4643 2
387 4589 526 4644 Litterae
545 4607 681 4660 suprascr.

354 4674 591 4729 3llichstaedtius
610 4674 717 4728 confert
734 4674 822 4728 Tacit.
842 4675 941 4729 Annal.
959 4675 1005 4728 IV.
1027 4682 1065 4730 19.
1102 4676 1181 4729 Adde
1199 4676 1233 4728 ΙΙ.
1254 4682 1299 4742 31,
1318 4677 1364 4730 Vl.
1385 4684 1410 4730 2.

354 4764 371 4812 4
388 4760 488 4829 Incipit
506 4758 572 4814 Ood.
591 4778 618 4828 p.
638 4765 696 4813 247.
732 4759 815 4814 Initio
834 4777 903 4813 unus
921 4776 1014 4814 versus
1032 4760 1152 4813 evanuit.

355 4849 370 4896 5
387 4842 496 4896 Potius:
514 4853 540 4897 ot
558 4844 635 4911 leges
654 4864 726 4912 quae.
763 4849 935 4911 Heindorflus.

290 4977 292 4981 ,
354 4932 370 4979 6
388 4926 533 4981 Sententia
551 4944 565 4979 e
583 4926 716 4995 margine.
