3300 6050
677 858 958 915 PROLEGCMFNA.
1329 881 1393 930 XXI

252 1055 335 1098 esse:
374 1031 491 1116 probat
525 1031 671 1096 Caesaris
700 1031 868 1095 consilium
898 1034 930 1095 et
957 1033 1126 1114 profitetur
1163 1055 1196 1096 se
1227 1034 1393 1118 ignorasse

206 1155 208 1158 ·
252 1135 396 1200 Caesaris
424 1138 456 1197 et
477 1132 615 1197 Herodis
643 1128 829 1198 amicitiam.
873 1132 987 1217 Itaque
1015 1137 1125 1218 rogat,
1155 1138 1263 1198 utrum
1290 1137 1324 1199 in
1340 1137 1392 1201 iis

250 1259 385 1322 quoqne,
410 1258 490 1320 quae
513 1257 609 1299 causa
630 1235 781 1319 postulet,
807 1235 924 1300 Caesar
939 1229 1059 1319 aliquid
1074 1237 1302 1301 remittendum
1324 1261 1392 1303 esse

252 1342 395 1421 censeat,
434 1360 476 1401 an
508 1337 649 1401 sufficiat
675 1337 757 1400 nihil
790 1337 907 1401 dixisse
935 1340 1026 1401 extra
1054 1362 1192 1404 causam.
1243 1339 1394 1424 Superior

251 1440 387 1526 epistola
416 1438 480 1502 fuit
511 1439 616 1522 prima
644 1440 787 1503 omnium
811 1439 956 1504 Caesaris
989 1440 1030 1503 ad
1058 1440 1271 1526 Frontonem,
1307 1447 1392 1507 certe

250 1541 457 1628 nonaemultae
479 1541 727 1624 interciderunt,
762 1563 839 1604 nam
860 1545 956 1626 rogat
977 1542 1148 1626 magister,
1180 1547 1231 1627 ut,
1267 1545 1294 1608 si
1316 1544 1392 1628 quid

251 1643 425 1728 discipulus
448 1643 488 1707 ad
510 1665 544 1708 se
566 1644 697 1725 scribat,
722 1665 779 1707 sua
800 1665 900 1706 manu
923 1643 1053 1707 scribat.
1098 1644 1181 1708 Illud
1204 1665 1327 1729 quoque
1347 1647 1392 1710 vi-

251 1748 306 1813 des
328 1746 525 1811 Frontonem
547 1746 707 1830 ignorare,
732 1749 854 1830 quanta
877 1749 961 1809 esset
982 1745 1068 1809 inter
1090 1745 1260 1811 Caesarem
1282 1752 1315 1811 et
1329 1747 1393 1811 He-

251 1850 360 1913 rodem
381 1848 598 1931 necessitud03
628 1849 711 1932 quod
738 1850 852 1931 postea
878 1847 1029 1934 ignorare
1040 1871 1117 1912 «non
1139 1850 1261 1932 potuit,
1290 1872 1394 1934 neque

250 1951 423 2036 ignoravit,
449 1973 521 2014 cum
537 1949 695 2014 Graecam
717 1950 886 2033 epistolam
902 1950 942 2013 ad
956 1949 1118 2014 Herodem
1137 1951 1300 2015 scriberet.
1332 1951 1394 2016 Sed

250 2058 324 2138 post
345 2075 465 2137 paucas
487 2051 583 2117 horas
605 2051 727 2115 Fronto
749 2051 922 2115 summittit
944 2052 1037 2136 epist.
1058 2052 1118 2135 IH,
1134 2053 1166 2135 4,
1190 2053 1225 2116 in
1247 2075 1310 2136 qua
1333 2053 1394 2133 dis-

252 2156 393 2240 cipulum
414 2157 525 2219 monet
546 2157 582 2218 ut
603 2153 789 2238 prospiciat,
814 2175 856 2217 ne
880 2152 934 2216 alii
956 2153 1090 2238 faciant,
1114 2156 1197 2238 quod
1211 2156 1281 2238 ipse
1303 2155 1394 2238 polli-

252 2259 333 2323 citus
362 2261 410 2323 cst
438 2279 471 2321 se
499 2279 565 2320 non
593 2256 764 2320 facturum.
817 2254 947 2319 Gratias
981 2257 1051 2340 agit
1079 2256 1197 2322 Caesar
1229 2256 1263 2320 in
1299 2257 1393 2340 epist.

251 2361 309 2444 ΙΙΙ,
337 2360 374 2445 5,
404 2360 488 2443 quod
515 2359 635 2423 Fronto
663 2356 832 2422 consilium
861 2359 1094 2442 comprobavit,
1126 2359 1220 2422 modo
1247 2381 1289 2422 ne
1318 2359 1394 2441 quid

251 2463 337 2539 dicat
368 2462 453 2546 quod
487 2462 526 2525 ad
559 2461 701 2545 privatas
735 2482 808 2524 cum
837 2458 966 2524 Herode
999 2460 1185 2524 inimicitias
1217 2460 1392 2543 pertineat,

251 2565 358 2630 omnia
380 2564 572 2648 proferenda
593 2585 674 2648 quae
695 2563 732 2627 in
754 2584 850 2626 causa
875 2565 961 2626 sunt.
1006 2561 1127 2627 Lacera
1150 2566 1198 2626 est
1220 2562 1393 2626 Frontonis

251 2667 386 2750 epistola
407 2665 467 2749 ΙΙΙ,
492 2666 527 2748 6,
551 2665 587 2729 in
608 2687 671 2749 qua
692 2664 805 2729 itidem
827 2686 930 2729 sermo
951 2664 1016 2728 fuit
1037 2665 1075 2729 de
1097 2665 1161 2729 ista
1183 2663 1320 2729 Herodis
1343 2687 1409 2748 ac·-

252 2769 426 2834 cusatione.
455 2766 461 2776 “

334 2870 375 2934 In
396 2869 542 2953 Epistola
557 2868 616 2952 ΙΙΙ,
634 2870 652 2933 'l
668 2868 788 2933 Fronto
811 2869 975 2954 signifieat
998 2869 1059 2933 sibi
1082 2869 1187 2933 dolere
1209 2869 1393 2933 brachium:

250 2973 359 3058 itaque
391 2970 565 3055 discipulus
592 2971 724 3035 interim
752 2976 928 3057 occupatus
956 2975 1005 3036 est
1031 2973 1066 3036 in
1094 2994 1131 3036 eo
1158 2973 1280 3056 studio,
1309 2973 1393 3057 quod

251 3075 406 3159 magister
426 3074 584 3158 imprimis
607 3075 859 3139 commendabat.
899 3074 951 3137 Ad
972 3074 1160 3157 orationem,
1184 3097 1282 3159 quam
1304 3074 1392 3138 habi-

253 3180 342 3241 turus
365 3181 435 3241 erat
462 3177 497 3242 in
520 3180 650 3259 senata,
680 3181 851 3261 acceperat
874 3178 984 3241 decem
1011 3178 1135 3243 εἰκόνα(
1162 3177 1213 3241 vel
1234 3177 1393 3260 imagines

252 3279 478 3367 expediendam
508 3279 630 3343 scilicet
657 3278 692 3341 in
716 3282 783 3342 arte
806 3278 967 3341 rhetorica
989 3278 1143 3342 Frontoni
1167 3277 1249 3341 nihil
1272 3281 1321 3341 est
1342 3300 1393 3341 su-

251 3404 309 3466 pra
331 3382 416 3446 hanc
439 3385 541 3444 artem
562 3388 628 3446 τῶν
651 3379 796 3447 εἰκόνων.
840 3380 961 3443 Verum
982 3381 1017 3443 in
1040 3402 1105 3443 una
1126 3379 1241 3442 harum
1264 3379 1393 3444 Caesari

123 3560 128 3565 ‚
251 3507 302 3548 res
330 3506 396 3547 non
423 3484 599 3567 processit,
633 3483 742 3567 itaque
770 3485 866 3566 rogat
893 3483 1085 3567 magistrum
1112 3486 1149 3546 ut
1177 3503 1270 3565 opem
1295 3482 1390 3545 ferat.

251 3585 314 3650 Hic
335 3585 511 3669 imaginem
532 3586 763 3669 interpretatur
785 3587 821 3649 in
843 3584 979 3669 epistola
1000 3584 1061 3668 ΙΙΙ,
1085 3585 1120 3667 83
1143 3584 1310 3668 aptissima
1332 3584 1394 3648 erit

252 3688 292 3751 ad
314 3687 364 3751 Pii
391 3687 501 3752 laudes
530 3688 776 3771 praedicandam
805 3690 973 3769 praeterea
1001 3686 1090 3751 addit
1118 3687 1274 3771 quaedam
1302 3694 1393 3770 prae-

252 3793 345 3873 cepta
367 3812 406 3852 ex
429 3793 498 3853 arte
520 3784 697 3872 desumpta.

336 3890 454 3956 Statim
476 3891 620 3975 sequitur
642 3890 793 3974 epistola,
823 3912 919 3973 quam
949 3890 1024 3974 quia
1046 3891 1095 3954 bis
1118 3891 1153 3954 in
1177 3890 1292 3956 Codice
1314 3890 1393 3975 legi-

252 3997 305 4058 tur
325 4016 442 4076 nempe
464 3996 533 4056 tum
555 3992 609 4057 hic
630 3996 700 4056 tum
721 3993 808 4057 inter
824 3991 964 4055 Graecas
980 3992 1142 4076 epistolas,
1167 3993 1207 4057 ob
1223 4015 1393 4077 argumen-

251 4100 320 4159 tum
348 4093 448 4157 malui
480 4095 547 4159 illic
575 4094 723 4158 exhibere
758 4095 881 4177 eritque
908 4094 1018 4178 nobis,
1053 4117 1245 4179 quamquam
1278 4095 1393 4159 Latine

252 4197 389 4279 scripta,
413 4196 499 4260 inter
522 4195 661 4260 Graecas
685 4199 784 4260 sexta.
831 4196 951 4260 Scribit
973 4195 1092 4261 Caesar
1118 4196 1154 4259 in
1181 4196 1305 4260 Latinis
1328 4200 1393 4259 stu-

252 4298 312 4361 diis
339 4320 408 4361 rem
429 4297 491 4361 sibi
519 4321 585 4361 non
614 4298 745 4362 cessisse
769 4320 807 4362 ex
829 4301 918 4380 voto,
946 4298 1069 4381 itaque,
1093 4297 1255 4361 Frontone
1277 4298 1393 4381 impro-

251 4400 360 4482 bante,
386 4400 523 4463 contulit
543 4403 652 4463 tamen
675 4422 708 4463 se
732 4397 772 4463 ad
795 4398 951 4464 Graecam
973 4400 1189 4483 scriptionem.
1235 4399 1297 4463 Sed
1319 4400 1393 4482 quia

250 4502 320 4585 ipse
348 4501 468 4565 Fronto
475 4551 484 4583 ,
513 4501 589 4564 licet
617 4523 636 4563 a
659 4500 789 4565 Graecis
811 4502 928 4565 litteris
950 4501 1046 4583 paulo
1069 4501 1217 4581 alienior,
1246 4503 1324 4562 tunc
1347 4500 1392 4562 di-

253 4604 384 4667 cebatur
406 4601 525 4686 aliquid
548 4601 669 4665 Graece
693 4604 906 4686 compegisse,
936 4606 1031 4686 rogat
1053 4601 1169 4666 Caesar
1191 4603 1316 4665 uttam
1338 4601 1391 4663 ad-

252 4704 399 4767 mirabile
427 4725 506 4787 opus
535 4702 595 4766 sibi
623 4703 743 4767 mittat.
788 4703 839 4766 Ex
861 4703 971 4766 eadem
994 4702 1129 4785 epistola
1151 4702 1255 4765 efficio
1279 4700 1391 4766 Caesa-

252 4828 335 4889 rem,
366 4806 442 4869 dum
472 4805 551 4868 haec
580 4805 748 4887 scriberet,
779 4825 837 4887 per
857 4826 976 4887 paucos
998 4806 1125 4867 tantum
1146 4825 1272 4867 menses
1294 4803 1392 4870 Fron-

252 4908 337 4972 tonis
361 4907 532 4991 disciplina
552 4929 645 4970 usum
666 4907 775 4971 fuisse.
