3300 6050
522 879 663 934 LAUDES
681 879 771 933 FUMI
788 879 837 932 ΕΤ
856 877 1033 932 PULVERIS
1052 880 1105 932 etc.
1323 881 1385 943 211

601 1310 657 1388 Μ.
690 1306 1025 1390 FRONTONIS¹

474 1458 660 1532 uacuas
687 1460 807 1531 amu
832 1460 893 1531 ar
920 1459 1152 1532 rmuums
1260 1404 1265 1412 ”

770 1592 861 1645 ΙΤΕΜ

535 1693 707 1759 LAUDES
730 1693 1089 1760 NEGLEGENTIAE.

614 1849 757 1914 Caesari
780 1865 844 1914 suo
867 1848 1015 1947 Fronto.

325 1986 472 2069 Plerique
503 1971 682 2069 legentium
714 1984 827 2048 forsan
861 2005 929 2047 rem
962 1985 1000 2047 de
1031 1982 1128 2047 titulo
1162 1986 1382 2066 contemnant,

240 2087 322 2150 nihil
344 2088 463 2151 serium
485 2087 626 2170 potuisse
654 2085 724 2149 fieri
747 2086 897 2149 desumo
925 2088 957 2149 et
984 2084 1150 2168 pulvere²z
1178 2088 1215 2149 tu
1242 2107 1301 2168 pro
1328 2088 1384 2149 tuo

240 2188 408 2253 excellenti
442 2189 575 2273 ingenio
607 2187 752 2271 profecto
781 2186 977 2251 existimaris
1005 2188 1075 2250 lusa
1108 2186 1150 2249 sit
1177 2207 1274 2268 opera
1301 2188 1383 2250 ista3

240 2313 281 2354 an
304 2291 419 2354 locata.
1113 2281 1116 2287 ¹

324 2392 385 2458 Sed
407 2414 458 2456 res
476 2413 605 2476 poscere
627 2392 754 2455 videtur
777 2392 814 2455 de
837 2391 962 2455 ratione
985 2391 1146 2455 scribendi
1167 2412 1271 2474 pauca
1293 2413 1383 2474 prae-

238 2494 311 2576 fari,
335 2495 418 2579 quod
441 2494 565 2558 nullum
587 2493 805 2558 huiuscemodi
830 2494 983 2577 seriptum
1000 2492 1147 2556 Romana
1160 2493 1273 2576 lingua
1296 2495 1384 2556 extat

238 2596 317 2659 satis
345 2596 470 2678 nobile,
505 2596 569 2659 nisi
602 2597 686 2679 quod
713 2598 827 2679 poetae
860 2595 895 2658 in
924 2594 1114 2658 comoediis⁴
1145 2594 1195 2657 vel
1224 2594 1395 2657 Atellanis-

238 2698 480 2782 adtingerunt5.
521 2697 582 2772 Qui
605 2719 638 2761 sc
661 2698 696 2760 in
719 2697 874 2762 eiusmodi
896 2697 990 2760 rebus
1013 2697 1188 2760 scribendis
1212 2696 1381 2779 exercebit,

180 2795 187 2807 ⁸
238 2800 365 2863 crebras
388 2800 565 2864 sententias
589 2801 765 2883 conquiret,
790 2821 906 2882 easque
929 2799 1026 2863 dense
1050 2797 1239 2881 conlocabit,
1263 2801 1296 2861 et
1311 2799 1383 2860 sub-

236 2900 338 2964 tiliter
361 2898 546 2986 coniungat,
570 2922 673 2984 neque
695 2901 793 2965 verba
814 2902 918 2964 multa
932 2901 1097 2984 geminata
1112 2900 1383 2984 supervacaneajl'

123 2989 127 2997 ³
237 3001 401 3067 interciet:
425 3005 495 3066 tum
517 3023 644 3067 omnem
667 3004 863 3067 sententiam
885 3001 1025 3066 breviter
1048 2993 1097 3066 ai
1102 3001 1182 3066 scite
1202 3001 1380 3066 concludet.

238 3104 342 3167 Aliter
364 3105 399 3167 in
422 3104 620 3168 orationibus
648 3103 834 3186 iudiciariis
863 3103 919 3166 ubi
941 3078 1056 3166 scdulo(
1077 3125 1235 3186 curamus,
1258 3107 1295 3166 ut
1317 3104 1382 3187 ple-

237 3225 353 3288 raeque
381 3205 561 3269 sententiae
590 3205 699 3268 durius
728 3206 890 3268 interdum
921 3208 954 3267 et
989 3204 1170 3268 incautius⁷
1194 3205 1379 3268 finianturs.

237 3304 299 3369 Sed
322 3310 434 3371 contra
455 3308 530 3371 istic
549 3306 771 3388 laborandum,
797 3304 876 3393 [ut]9
905 3327 946 3369 nc
974 3305 1051 3390 quid
1072 3306 1304 3370 inconcinnum
1332 3307 1382 3369 vel

236 3407 379 3472 hiulcum
400 3409 615 3493 relinquatur,
645 3409 723 3492 quin
751 3408 860 3471 omnia
886 3411 924 3471 nt
950 3407 983 3469 in
1008 3406 1099 3470 tenui
1122 3410 1210 3471 veste
1237 3408 1301 3470 oris
1329 3408 1380 3470 de·

124 3540 128 3548 ·
235 3511 325 3574 texta
348 3513 380 3574 et
401 3511 621 3575 revimentis¹⁰
645 3510 712 3573 sint
735 3509 851 3573 cincta.
960 3579 963 3583 ,

321 3754 333 3801 1
354 3748 440 3802 Tituli
456 3747 576 3817 vestigia
588 3747 733 3818 apparent.
758 3745 848 3801 Maius
865 3746 991 3815 pluribus
1005 3746 1131 3815 disputat
1149 3747 1184 3799 dc
1202 3746 1255 3800 hoc
1272 3746 1379 3800 ludicro

235 3833 344 3887 dicendi
362 3849 472 3902 genere.

318 3925 334 3972 2
352 3919 396 3972 An
413 3918 555 3973 intercidit
571 3924 641 3972 rati?
676 3922 851 3985 Heindorfiua.

318 4010 334 4058 3
351 4003 441 4056 Maius
458 4003 624 4058 vocabulum
643 4000 743 4055 omisit.

318 4093 335 4139 4
352 4087 479 4141 Alterum
496 4094 507 4140 i
524 4103 661 4156 suprascr.

319 4172 396 4225 alta
414 4171 514 4227 Codex.

318 4262 333 4308 6
351 4256 453 4325 Incipit
470 4256 536 4311 (lod.
555 4274 581 4325 p.
600 4262 659 4324 248,
679 4256 805 4310 obscura.

319 4340 526 4410 ISchopenns:
553 4346 695 4408 incomtiue,
720 4341 780 4395 coll.
801 4338 914 4404 Quintil.
933 4340 1006 4394 VIII.
1027 4346 1050 4392 6.
1070 4346 1110 4394 65.
1135 4339 1273 4407 Equidem
1291 4339 1378 4393 malu-

233 4443 310 4481 eram
328 4432 453 4480 incutitur.

317 4517 333 4566 8
352 4509 391 4565 Of.
412 4509 506 4565 Senec.
526 4510 576 4579 Ep.
598 4515 654 4563 114.
691 4514 784 4563 Maius.

317 4602 332 4649 9
350 4594 404 4649 Vel
420 4608 467 4651 eat.
503 4600 622 4649 Heinder
640 4614 677 4647 us.
810 4663 816 4677 Ι

302 4687 334 4734 10
351 4685 519 4734 Revinaenrum
537 4682 581 4733 est
597 4678 715 4732 fimbria.
751 4677 880 4743 Namque
897 4676 926 4729 in
939 4676 1076 4745 glossario
1095 4675 1239 4730 Philoxeni
1256 4680 1377 4729 reatinen·
1398 4709 1401 4713 ,

233 4777 282 4818 tum
305 4764 460 4835 explicatur
477 4764 673 4831 παραετροφή.
708 4762 780 4816 Tum
802 4762 831 4815 in
850 4760 945 4830 Cyrilli
967 4761 1055 4815 lexico
1078 4762 1269 4827 παραετρέφω
1287 4759 1377 4813 reddi-

231 4851 278 4903 tur
295 4854 375 4905 retio.
410 4850 539 4919 intellige
557 4849 651 4902 autem
669 4853 751 4910 reaia,
774 4846 935 4914 ibidemque
952 4863 1004 4915 pro
1022 4852 1185 4900 reclinantem
1202 4846 1292 4900 scribe
1310 4852 1375 4900 reai-

231 4944 345 4990 mnetum.
382 4940 478 4989 Maiae.

1107 5019 1173 5082 14*
