3300 6050
659 859 938 914 PROLEGOMENA.
1332 881 1369 926 lx

130 1023 132 1027 ’
230 1049 304 1090 casu
333 1029 470 1110 quodam
498 1052 601 1113 nuper
630 1032 670 1093 ad
692 1028 888 1094 Frontonem
915 1030 1038 1094 delatus
1062 1053 1165 1113 eram,
1196 1032 1299 1095 varias
1326 1033 1369 1096 le-

230 1129 352 1192 ctiones
380 1141 454 1194 suas
486 1131 565 1203 mihi
588 1131 671 1194 ultro
702 1131 829 1194 obtulit.
875 1131 960 1206 Quas
984 1154 1056 1196 cum
1078 1133 1252 1215 reciperem
1274 1137 1368 1218 grato

230 1231 353 1313 animo,
392 1235 429 1294 11
463 1232 633 1327 debebam,
668 1232 763 1295 simul
790 1233 954 1316 pollicitus
990 1238 1038 1298 cst
1072 1235 1106 1298 in
1141 1235 1284 1298 editione·
1315 1258 1370 1318 pa-

228 1333 329 1396 randa
358 1332 490 1397 consilia
519 1337 551 1397 et
579 1355 710 1416 operam
735 1356 826 1398 suam
851 1335 931 1397 mihi
959 1357 1025 1399 non
1054 1336 1250 1401 defuturam:
1272 1359 1370 1420 quam

229 1434 324 1497 fidem
354 1457 425 1498 cum
455 1436 575 1499 amicus
597 1435 734 1498 fideliter
763 1435 908 1518 solverit,
940 1437 1103 1520 aliquanto
1132 1437 1225 1501 citius
1254 1441 1286 1501 et
1307 1438 1370 1501 for·
1396 1515 1399 1519 p

229 1540 315 1601 tasse
338 1536 452 1600 melius
468 1559 591 1620 quoque
613 1538 780 1620 negotium
802 1539 955 1620 perficere
976 1538 1077 1620 potui,
1094 1546 1198 1622 ¹quam
1214 1539 1240 1601 si
1262 1538 1297 1601 in
1319 1535 1373 1602 itt

114 1646 128 1653 “
229 1661 305 1702 nere
334 1639 403 1701 sine
433 1638 548 1702 comite
576 1639 660 1701 solus
692 1639 822 1702 relictus
851 1661 961 1703 essem.
1012 1639 1130 1714 Quodsi
1160 1640 1260 1724 igitur
1294 1640 1370 1703 boui

230 1740 349 1824 aliquid
370 1763 460 1803 meae
483 1740 615 1804 editioni
637 1739 725 1822 insit,
750 1740 846 1804 velim
860 1740 995 1804 lectores
1009 1740 1070 1803 hoc
1091 1741 1292 1823 potissimmn
1314 1741 1370 1803 tri-

230 1843 331 1905 buant
353 1842 470 1924 amico,
494 1841 564 1925 qui,
593 1841 806 1925 quantumin
834 1843 944 1926 fugaci
966 1842 1125 1925 scriptura
1153 1842 1270 1905 codicis
1294 1843 1370 1905 Am·

229 1943 370 2007 brosiani
391 1943 498 2025 licuit,
528 1943 804 2006 accuratissimum
832 1966 865 2007 se
887 1944 922 2008 in
946 1944 1139 2008 conferendo
1161 1943 1369 2026 praestiterit.

229 2043 397 2127 Equidem,
422 2045 472 2108 cui
495 2044 615 2126 paratis
639 2044 774 2127 dapibus
797 2044 845 2107 uti
868 2048 943 2109 ante
966 2048 1088 2108 ceteros
1110 2067 1220 2108 omnes
1244 2066 1372 2108 conces-

134 2205 137 2208 ,
219 2168 298 2232 'sum
327 2147 405 2229 fnit,
441 2140 602 2209 si'officio
624 2150 710 2209 recte
732 2146 863 2209 functus
886 2148 1033 2229 videbor,
1069 2145 1150 2209 nihil
1178 2145 1256 2209 mihi
1281 2146 1371 2209 adro-

230 2249 323 2331 gabo,
349 2249 403 2311 sed
425 2248 503 2311 satis
526 2247 660 2328 habebo,
685 2247 710 2310 si
735 2249 1002 2332 vituperationem
1025 2249 1175 2332 effugere.

314 2349 375 2413 sed
404 2349 468 2412 iam
496 2352 623 2432 tempus
651 2352 700 2412 est
727 2349 832 2413 dicere
861 2351 899 2414 de
929 2351 1036 2414 codice
1064 2349 1230 2432 rescripto.
1275 2348 1371 2412 Liber

230 2454 279 2514 est
300 2449 478 2515 Vaticanus
500 2451 599 2531 5750,
628 2451 732 2514 forma
762 2453 933 2534 quadrata,
963 2451 1239 2532 membranaceae,
1271 2450 1371 2513 conti-

229 2574 309 2614 nens
331 2552 468 2617 latinam
495 2551 795 2635 interpretationem
818 2554 974 2617 Actorum
1001 2552 1097 2636 primi
1121 2546 1371 2616 0111111011]-

231 2654 417 2717 ccdoncnsis
446 2654 500 2740 (A.
523 2654 611 2740 451).
655 2653 746 2718 Haec
769 2655 944 2738 scriptura,
975 2654 1060 2719 Maio
1082 2653 1201 2736 iudice,
1230 2655 1373 2738 pertinet

230 2755 296 2819 fere
325 2755 366 2818 ad
393 2755 554 2838 saeculum
582 2755 748 2819 decimum.
793 2756 833 2819 ln
859 2757 964 2839 prima
991 2755 1113 2840 pagina
1139 2777 1238 2819 manu
1266 2758 1372 2820 vetere

230 2856 394 2923 scribitur:
432 2863 522 2922 Liber
545 2861 577 2920 S.
602 2862 778 2922 delumbant
799 2865 837 2922 de
859 2862 966 2922 Bobio.
989 2896 1032 2906 —-
1060 2856 1121 2920 Est
1142 2857 1251 2940 itaque
1274 2857 1371 2921 codex

189 2962 195 2966 “
231 2957 415 3042 Bobiensis,
450 2958 526 3021 olim
558 2982 633 3043 pars
661 2959 746 3022 illius
775 2959 1050 3044 splendidissimae
1078 2958 1308 3041 bibliothecae,
1333 2960 1372 3022 dc

230 3062 293 3144 q'ua
316 3061 478 3124 adeundus
502 3061 661 3125 Amedeus
682 3062 858 3145 Peyronus.
903 3062 943 3125 ln
964 3063 1164 3145 praefatione
1186 3062 1226 3125 ad
1249 3060 1372 3126 Cicero·
1423 3133 1427 3137 5

229 3162 280 3225 nis
317 3162 506 3227 Orationem
533 3162 729 3247 Fragmenta
762 3164 868 3227 locum
907 3164 954 3227 ita
991 3164 1058 3227 fere
1097 3162 1264 3227 describit:
1308 3163 1372 3246 „ln

233 3264 430 3347 valleaquam
446 3265 544 3347 Alpes
567 3264 733 3328 Penninae
757 3266 796 3328 ad
818 3265 984 3349 Liguriam
1006 3265 1204 3348 pertinentes
1227 3265 1372 3345 efficiunt

231 3366 322 3449 quasi
350 3366 470 3430 circino
498 3366 750 3449 circumductae,
780 3370 829 3429 est
856 3366 932 3428 urbs
961 3366 1097 3429 Bobium
1125 3369 1253 3449 praeter
1283 3387 1371 3428 oram

231 3466 374 3531 Trebiae.
414 3466 508 3547 Duae
531 3467 570 3530 ad
591 3467 681 3531 illam
701 3470 812 3532 ferunt
833 3469 917 3551 viae,
941 3467 1041 3531 altera
1064 3490 1082 3530 a
1105 3467 1259 3551 Viqueria
1281 3488 1371 3531 secus
1426 3537 1437 3564 a,

225 3590 358 3632 amnem
395 3568 571 3651 Staforam,
612 3569 713 3633 altera
746 3593 764 3633 a
796 3570 965 3633 Placentia
1004 3569 1178 3636 secundum
1210 3568 1369 3632 Trebiam.

231 3670 373 3755 Utraque
396 3670 534 3753 primum
556 3673 671 3753 patens
687 3675 719 3735 et
735 3676 860 3755 aperta3
883 3674 953 3734 tum
973 3671 1060 3735 intra
1082 3670 1223 3733 fluminis
1246 3670 1371 3733 alveum

162 3833 167 3839 .
230 3771 323 3836 modo
345 3772 478 3854 lubrica,
502 3773 595 3835 modo
618 3774 779 3856 glareosa,
802 3773 877 3836 dein
900 3773 999 3836 ardua
1020 3794 1078 3855 per
1100 3772 1257 3835 montium
1278 3772 1370 3855 iuga,

231 3873 362 3936 tandem
383 3896 441 3956 per
464 3873 597 3937 clivosos
619 3875 765 3937 tramites
782 3878 956 3957 praecepa,
979 3876 1113 3957 utraque
1128 3874 1239 3957 iniqua
1262 3873 1371 3936 11111-

231 3973 324 4057 ginta
346 3975 446 4038 millia
468 3998 629 4058 passuum.
658 4014 700 4023 -
727 3975 814 4038 Hinc
842 3997 929 4039 raros
957 3978 1149 4039 mercatores
1172 3975 1213 4038 ad
1235 3974 1372 4039 Bobium

233 4075 418 4160 commeare,
442 4100 460 4139 a
484 4077 571 4141 cultu
593 4078 777 4159 provinciae
796 4077 916 4160 abesse,
940 4076 1103 4140 neminem
1126 4080 1182 4140 aut
1203 4099 1261 4160 per
1282 4098 1371 4140 occa-

232 4178 354 4242 sionem
377 4178 440 4241 alio
463 4179 558 4241 eundi
581 4181 637 4241 aut
663 4179 762 4243 animi
783 4179 891 4263 gratia
912 4178 989 4241 illuc
1017 4179 1224 4261 contendere,
1248 4179 1371 4242 nullam

231 4280 368 4363 praedae
390 4301 479 4362 spem
500 4280 606 4343 facere
627 4280 854 4363 populabundo
878 4280 1045 4363 exercitui3
1068 4283 1105 4343 ut
1127 4284 1213 4355 recte
1235 4280 1371 4343 Bobium

232 4380 319 4444 dicas
348 4381 459 4443 urbem
482 4403 500 4442 a
522 4383 590 4444 tota
618 4381 714 4445 ltalia
742 4381 885 4446 divisam.
930 4381 1028 4448 Hanc
1052 4381 1160 4445 sedem
1182 4380 1221 4444 D.
1245 4381 1370 4445 Colum-

231 4482 345 4572 banus,
369 4483 501 4545 ineunte
525 4481 650 4545 saeculo
673 4482 746 4565 Vll,
771 4483 833 4545 sibi
856 4484 983 4566 suisque
1006 4483 1135 4565 delegit.
1164 4519 1207 4529 -
1233 4481 1285 4543 Ad
1306 4481 1370 4563 pri-

231 4606 317 4647 mam
338 4582 424 4648 hanc
439 4586 577 4647 aetatem
599 4583 740 4665 pertinet
761 4584 883 4666 primus
898 4583 1109 4646 bibliothecae
1124 4582 1253 4664 fundae,
1279 4604 1370 4645 vene-

231 4685 332 4748 randa
348 4685 415 4748 ¹illa
443 4685 565 4748 scilicet
596 4683 739 4747 codicum
767 4684 932 4767 suppellex
955 4706 973 4746 a
995 4683 1035 4746 D.
1059 4682 1256 4746 Columbano
1290 4684 1370 4746 eius-

232 4808 292 4870 que
315 4786 478 4868 discipulis
501 4785 637 4848 Bobium
666 4788 875 4868 comportata.
921 4784 996 4847 Vidi
1024 4785 1059 4847 in
1082 4785 1297 4848 Ambrosiana
1324 4789 1370 4849 at-

231 4908 292 4974 que
315 4886 523 4954 Taurinensis
545 4886 643 4954 habet
664 4885 762 4956 libros
785 4886 903 4957 latinos
926 4885 1092 4956 Saxonicis
1115 4879 1231 4950 litteris
1254 4886 1370 4957 deseri,
