<?xml version="1.0" encoding="UTF-8"?>
<!DOCTYPE html PUBLIC "-//W3C//DTD XHTML 1.0 Transitional//EN"
    "http://www.w3.org/TR/xhtml1/DTD/xhtml1-transitional.dtd">
<html xmlns="http://www.w3.org/1999/xhtml" xml:lang="en" lang="en">
 <head>
  <title>
</title>
<meta http-equiv="Content-Type" content="text/html;charset=utf-8" />
  <meta name='ocr-system' content='tesseract 3.04.00' />
  <meta name='ocr-capabilities' content='ocr_page ocr_carea ocr_par ocr_line ocrx_word'/>
</head>
<body>
  <div class='ocr_page' id='page_1' title='image "./mcorneliifronto00frongoog/mcorneliifronto00frongoog_0209.png"; bbox 0 0 3300 6050; ppageno 0'>
   <div class='ocr_carea' id='block_1_1' title="bbox 618 859 1021 914">
    <p class='ocr_par' dir='ltr' id='par_1_1' title="bbox 618 859 1021 914">
     <span class='ocr_line' id='line_1_1' title="bbox 618 859 1021 914; baseline 0.005 -2"><span class='ocrx_word' id='word_1_1' title='bbox 618 859 668 912; x_wconf 89' lang='lat' dir='ltr'>AD</span> <span class='ocrx_word' id='word_1_2' title='bbox 686 859 906 914; x_wconf 86' lang='lat' dir='ltr'><strong>ANTONINUM</strong></span> <span class='ocrx_word' id='word_1_3' title='bbox 923 859 1021 914; x_wconf 79' lang='lat' dir='ltr'>PIUM.</span> 
     </span>
    </p>
   </div>
   <div class='ocr_carea' id='block_1_2' title="bbox 436 1147 1201 1230">
    <p class='ocr_par' dir='ltr' id='par_1_2' title="bbox 436 1147 1201 1230">
     <span class='ocr_line' id='line_1_2' title="bbox 436 1147 1201 1230; baseline 0 -16"><span class='ocrx_word' id='word_1_4' title='bbox 436 1149 539 1214; x_wconf 84' lang='lat' dir='ltr'><strong>VIII.</strong></span> <span class='ocrx_word' id='word_1_5' title='bbox 577 1147 758 1216; x_wconf 79' lang='lat' dir='ltr'>Antonino</span> <span class='ocrx_word' id='word_1_6' title='bbox 780 1150 847 1215; x_wconf 91' lang='lat' dir='ltr'>Pio</span> <span class='ocrx_word' id='word_1_7' title='bbox 869 1147 1032 1230; x_wconf 84' lang='lat' dir='ltr'>Augusto</span> <span class='ocrx_word' id='word_1_8' title='bbox 1054 1150 1201 1215; x_wconf 78' lang='lat' dir='ltr'>Fronto.</span> 
     </span>
    </p>
   </div>
   <div class='ocr_carea' id='block_1_3' title="bbox 247 1285 1465 3001">
    <p class='ocr_par' dir='ltr' id='par_1_3' title="bbox 247 1285 1465 3001">
     <span class='ocr_line' id='line_1_3' title="bbox 334 1285 1390 1370; baseline -0.001 -19"><span class='ocrx_word' id='word_1_9' title='bbox 334 1286 471 1351; x_wconf 89' lang='lat' dir='ltr'>Omnem</span> <span class='ocrx_word' id='word_1_10' title='bbox 492 1308 622 1369; x_wconf 88' lang='lat' dir='ltr'>operam</span> <span class='ocrx_word' id='word_1_11' title='bbox 644 1309 694 1350; x_wconf 89' lang='lat' dir='ltr'>me</span> <span class='ocrx_word' id='word_1_12' title='bbox 717 1286 850 1368; x_wconf 85' lang='lat' dir='ltr'>dedisse,</span> <span class='ocrx_word' id='word_1_13' title='bbox 875 1285 1075 1348; x_wconf 80' lang='lat' dir='ltr'>sanctissime</span> <span class='ocrx_word' id='word_1_14' title='bbox 1090 1286 1183 1369; x_wconf 85' lang='lat' dir='ltr'>Imp,</span> <span class='ocrx_word' id='word_1_15' title='bbox 1207 1290 1240 1350; x_wconf 84' lang='lat' dir='ltr'>et</span> <span class='ocrx_word' id='word_1_16' title='bbox 1254 1286 1390 1370; x_wconf 90' lang='lat' dir='ltr'>inpenso</span> 
     </span>
     <span class='ocr_line' id='line_1_4' title="bbox 249 1387 1387 1470; baseline 0 -18"><span class='ocrx_word' id='word_1_17' title='bbox 249 1388 354 1452; x_wconf 87' lang='lat' dir='ltr'>studio</span> <span class='ocrx_word' id='word_1_18' title='bbox 377 1389 500 1470; x_wconf 86' lang='lat' dir='ltr'>cupisse</span> <span class='ocrx_word' id='word_1_19' title='bbox 522 1388 617 1470; x_wconf 85' lang='lat' dir='ltr'>fungi</span> <span class='ocrx_word' id='word_1_20' title='bbox 639 1387 859 1470; x_wconf 77' lang='lat' dir='ltr'>proconsulari</span> <span class='ocrx_word' id='word_1_21' title='bbox 880 1387 1041 1468; x_wconf 87' lang='lat' dir='ltr'>munere¹,</span> <span class='ocrx_word' id='word_1_22' title='bbox 1066 1409 1116 1450; x_wconf 91' lang='lat' dir='ltr'>res</span> <span class='ocrx_word' id='word_1_23' title='bbox 1131 1387 1201 1470; x_wconf 87' lang='lat' dir='ltr'>ipsa</span> <span class='ocrx_word' id='word_1_24' title='bbox 1215 1390 1307 1451; x_wconf 87' lang='lat' dir='ltr'>testis</span> <span class='ocrx_word' id='word_1_25' title='bbox 1330 1391 1387 1452; x_wconf 89' lang='lat' dir='ltr'>est.</span> 
     </span>
     <span class='ocr_line' id='line_1_5' title="bbox 248 1489 1390 1572; baseline -0.001 -18"><span class='ocrx_word' id='word_1_26' title='bbox 248 1490 334 1554; x_wconf 89' lang='lat' dir='ltr'>Nam</span> <span class='ocrx_word' id='word_1_27' title='bbox 357 1493 388 1552; x_wconf 87' lang='lat' dir='ltr'>et</span> <span class='ocrx_word' id='word_1_28' title='bbox 411 1491 448 1552; x_wconf 90' lang='lat' dir='ltr'>de</span> <span class='ocrx_word' id='word_1_29' title='bbox 470 1491 538 1553; x_wconf 92' lang='lat' dir='ltr'>iure</span> <span class='ocrx_word' id='word_1_30' title='bbox 561 1489 731 1571; x_wconf 82' lang='lat' dir='ltr'>sortiendi,</span> <span class='ocrx_word' id='word_1_31' title='bbox 744 1489 861 1572; x_wconf 77' lang='lat' dir='ltr'>‘quoad</span> <span class='ocrx_word' id='word_1_32' title='bbox 881 1489 1041 1553; x_wconf 86' lang='lat' dir='ltr'>incertum</span> <span class='ocrx_word' id='word_1_33' title='bbox 1063 1489 1136 1570; x_wconf 86' lang='lat' dir='ltr'>fnit,</span> <span class='ocrx_word' id='word_1_34' title='bbox 1160 1489 1335 1572; x_wconf 82' lang='lat' dir='ltr'>disceptari</span> <span class='ocrx_word' id='word_1_35' title='bbox 1357 1493 1390 1554; x_wconf 90' lang='lat' dir='ltr'>et</span> 
     </span>
     <span class='ocr_line' id='line_1_6' title="bbox 248 1590 1390 1676; baseline 0 -21"><span class='ocrx_word' id='word_1_36' title='bbox 248 1595 417 1676; x_wconf 82' lang='lat' dir='ltr'>postquam</span> <span class='ocrx_word' id='word_1_37' title='bbox 439 1592 507 1654; x_wconf 91' lang='lat' dir='ltr'>iure</span> <span class='ocrx_word' id='word_1_38' title='bbox 529 1591 701 1655; x_wconf 91' lang='lat' dir='ltr'>liberorum</span> <span class='ocrx_word' id='word_1_39' title='bbox 723 1590 811 1673; x_wconf 92' lang='lat' dir='ltr'>prior</span> <span class='ocrx_word' id='word_1_40' title='bbox 834 1590 915 1653; x_wconf 89' lang='lat' dir='ltr'>alius</span> <span class='ocrx_word' id='word_1_41' title='bbox 938 1591 1098 1673; x_wconf 91' lang='lat' dir='ltr'>apparuit,</span> <span class='ocrx_word' id='word_1_42' title='bbox 1122 1612 1193 1654; x_wconf 88' lang='lat' dir='ltr'>eam</span> <span class='ocrx_word' id='word_1_43' title='bbox 1208 1613 1288 1674; x_wconf 89' lang='lat' dir='ltr'>quae</span> <span class='ocrx_word' id='word_1_44' title='bbox 1311 1590 1390 1656; x_wconf 92' lang='lat' dir='ltr'>mihi</span> 
     </span>
     <span class='ocr_line' id='line_1_7' title="bbox 249 1691 1465 1777; baseline 0 -21"><span class='ocrx_word' id='word_1_45' title='bbox 249 1694 404 1756; x_wconf 86' lang='lat' dir='ltr'>remansit</span> <span class='ocrx_word' id='word_1_46' title='bbox 425 1692 716 1776; x_wconf 87' lang='lat' dir='ltr'>splendidissimam</span> <span class='ocrx_word' id='word_1_47' title='bbox 737 1691 937 1775; x_wconf 87' lang='lat' dir='ltr'>provinciam</span> <span class='ocrx_word' id='word_1_48' title='bbox 958 1714 1017 1777; x_wconf 87' lang='lat' dir='ltr'>pru</span> <span class='ocrx_word' id='word_1_49' title='bbox 1040 1692 1142 1757; x_wconf 86' lang='lat' dir='ltr'>electa</span> <span class='ocrx_word' id='word_1_50' title='bbox 1168 1691 1276 1755; x_wconf 91' lang='lat' dir='ltr'>habui.</span> <span class='ocrx_word' id='word_1_51' title='bbox 1313 1692 1391 1756; x_wconf 87' lang='lat' dir='ltr'>Post</span> <span class='ocrx_word' id='word_1_52' title='bbox 1461 1763 1465 1769; x_wconf 49' lang='grc'>,</span> 
     </span>
     <span class='ocr_line' id='line_1_8' title="bbox 249 1793 1388 1881; baseline -0.001 -23"><span class='ocrx_word' id='word_1_53' title='bbox 249 1796 305 1859; x_wconf 89' lang='lat' dir='ltr'>illa</span> <span class='ocrx_word' id='word_1_54' title='bbox 337 1793 578 1881; x_wconf 84' lang='lat' dir='ltr'>quae[cumque]</span> <span class='ocrx_word' id='word_1_55' title='bbox 614 1795 653 1857; x_wconf 92' lang='lat' dir='ltr'>ad</span> <span class='ocrx_word' id='word_1_56' title='bbox 685 1793 942 1877; x_wconf 73' lang='lat' dir='ltr'>instruendaml²</span> <span class='ocrx_word' id='word_1_57' title='bbox 963 1793 1163 1876; x_wconf 88' lang='lat' dir='ltr'>provinciam</span> <span class='ocrx_word' id='word_1_58' title='bbox 1195 1794 1388 1877; x_wconf 87' lang='lat' dir='ltr'>adtinerent,</span> 
     </span>
     <span class='ocr_line' id='line_1_9' title="bbox 248 1895 1403 1981; baseline 0 -21"><span class='ocrx_word' id='word_1_59' title='bbox 248 1919 310 1981; x_wconf 92' lang='lat' dir='ltr'>quu</span> <span class='ocrx_word' id='word_1_60' title='bbox 332 1897 459 1960; x_wconf 88' lang='lat' dir='ltr'>facilius</span> <span class='ocrx_word' id='word_1_61' title='bbox 483 1918 501 1958; x_wconf 92' lang='lat' dir='ltr'>a</span> <span class='ocrx_word' id='word_1_62' title='bbox 523 1917 573 1959; x_wconf 91' lang='lat' dir='ltr'>me</span> <span class='ocrx_word' id='word_1_63' title='bbox 595 1898 689 1958; x_wconf 86' lang='lat' dir='ltr'>tanta</span> <span class='ocrx_word' id='word_1_64' title='bbox 710 1896 841 1980; x_wconf 83' lang='lat' dir='ltr'>negotia</span> <span class='ocrx_word' id='word_1_65' title='bbox 863 1918 920 1978; x_wconf 91' lang='lat' dir='ltr'>per</span> <span class='ocrx_word' id='word_1_66' title='bbox 942 1895 1115 1958; x_wconf 87' lang='lat' dir='ltr'>amicorum</span> <span class='ocrx_word' id='word_1_67' title='bbox 1137 1895 1243 1979; x_wconf 90' lang='lat' dir='ltr'>copias</span> <span class='ocrx_word' id='word_1_68' title='bbox 1265 1896 1403 1961; x_wconf 74' lang='lat' dir='ltr'>obirem·</span> 
     </span>
     <span class='ocr_line' id='line_1_10' title="bbox 247 1997 1391 2081; baseline 0 -20"><span class='ocrx_word' id='word_1_69' title='bbox 247 2001 311 2080; x_wconf 88' lang='lat' dir='ltr'>tur,</span> <span class='ocrx_word' id='word_1_70' title='bbox 336 1997 445 2061; x_wconf 89' lang='lat' dir='ltr'>sedulo</span> <span class='ocrx_word' id='word_1_71' title='bbox 467 1997 665 2080; x_wconf 87' lang='lat' dir='ltr'>praeparavi.</span> <span class='ocrx_word' id='word_1_72' title='bbox 710 1997 911 2080; x_wconf 85' lang='lat' dir='ltr'>Propinquus</span> <span class='ocrx_word' id='word_1_73' title='bbox 934 2000 967 2060; x_wconf 88' lang='lat' dir='ltr'>et</span> <span class='ocrx_word' id='word_1_74' title='bbox 989 1997 1107 2060; x_wconf 88' lang='lat' dir='ltr'>amicus</span> <span class='ocrx_word' id='word_1_75' title='bbox 1130 2019 1232 2080; x_wconf 91' lang='lat' dir='ltr'>meus,</span> <span class='ocrx_word' id='word_1_76' title='bbox 1257 2019 1391 2081; x_wconf 90' lang='lat' dir='ltr'>quorum</span> 
     </span>
     <span class='ocr_line' id='line_1_11' title="bbox 249 2098 1391 2183; baseline -0.002 -19"><span class='ocrx_word' id='word_1_77' title='bbox 249 2101 344 2164; x_wconf 89' lang='lat' dir='ltr'>fidem</span> <span class='ocrx_word' id='word_1_78' title='bbox 360 2103 392 2163; x_wconf 89' lang='lat' dir='ltr'>et</span> <span class='ocrx_word' id='word_1_79' title='bbox 406 2099 629 2183; x_wconf 83' lang='lat' dir='ltr'>integritatem</span> <span class='ocrx_word' id='word_1_80' title='bbox 645 2119 868 2183; x_wconf 84' lang='lat' dir='ltr'>cognoveram,</span> <span class='ocrx_word' id='word_1_81' title='bbox 892 2098 1003 2162; x_wconf 79' lang='lat' dir='ltr'>durno3</span> <span class='ocrx_word' id='word_1_82' title='bbox 1019 2098 1128 2162; x_wconf 83' lang='lat' dir='ltr'>accivi.</span> <span class='ocrx_word' id='word_1_83' title='bbox 1160 2099 1391 2162; x_wconf 84' lang='lat' dir='ltr'>Alexandriam</span> 
     </span>
     <span class='ocr_line' id='line_1_12' title="bbox 250 2199 1390 2284; baseline -0.001 -19"><span class='ocrx_word' id='word_1_84' title='bbox 250 2203 289 2265; x_wconf 88' lang='lat' dir='ltr'>ad</span> <span class='ocrx_word' id='word_1_85' title='bbox 311 2201 486 2265; x_wconf 86' lang='lat' dir='ltr'>familiares</span> <span class='ocrx_word' id='word_1_86' title='bbox 502 2222 588 2264; x_wconf 89' lang='lat' dir='ltr'>meus</span> <span class='ocrx_word' id='word_1_87' title='bbox 611 2200 733 2282; x_wconf 84' lang='lat' dir='ltr'>scripsi,</span> <span class='ocrx_word' id='word_1_88' title='bbox 757 2203 794 2262; x_wconf 89' lang='lat' dir='ltr'>ut</span> <span class='ocrx_word' id='word_1_89' title='bbox 809 2199 956 2263; x_wconf 87' lang='lat' dir='ltr'>Athenas</span> <span class='ocrx_word' id='word_1_90' title='bbox 973 2200 1186 2281; x_wconf 80' lang='lat' dir='ltr'>festinarent,</span> <span class='ocrx_word' id='word_1_91' title='bbox 1210 2201 1318 2284; x_wconf 90' lang='lat' dir='ltr'>ibique</span> <span class='ocrx_word' id='word_1_92' title='bbox 1340 2223 1390 2264; x_wconf 92' lang='lat' dir='ltr'>me</span> 
     </span>
     <span class='ocr_line' id='line_1_13' title="bbox 249 2301 1390 2388; baseline 0 -22"><span class='ocrx_word' id='word_1_93' title='bbox 249 2303 451 2388; x_wconf 87' lang='lat' dir='ltr'>operirentur</span> <span class='ocrx_word' id='word_1_94' title='bbox 460 2303 482 2385; x_wconf 78' lang='lat'>⁴¹,</span> <span class='ocrx_word' id='word_1_95' title='bbox 506 2303 607 2385; x_wconf 90' lang='lat' dir='ltr'>iisque</span> <span class='ocrx_word' id='word_1_96' title='bbox 630 2323 819 2386; x_wconf 85' lang='lat' dir='ltr'>graecarum</span> <span class='ocrx_word' id='word_1_97' title='bbox 835 2301 1043 2385; x_wconf 88' lang='lat' dir='ltr'>epistularum</span> <span class='ocrx_word' id='word_1_98' title='bbox 1067 2323 1177 2365; x_wconf 91' lang='lat' dir='ltr'>curam</span> <span class='ocrx_word' id='word_1_99' title='bbox 1198 2302 1390 2366; x_wconf 87' lang='lat' dir='ltr'>doctissimis</span> 
     </span>
     <span class='ocr_line' id='line_1_14' title="bbox 250 2403 1390 2487; baseline -0.002 -18"><span class='ocrx_word' id='word_1_100' title='bbox 250 2405 326 2469; x_wconf 85' lang='lat' dir='ltr'>viris</span> <span class='ocrx_word' id='word_1_101' title='bbox 349 2404 458 2468; x_wconf 87' lang='lat' dir='ltr'>detuli.</span> <span class='ocrx_word' id='word_1_102' title='bbox 503 2404 553 2468; x_wconf 80' lang='lat' dir='ltr'>Ex</span> <span class='ocrx_word' id='word_1_103' title='bbox 567 2403 688 2468; x_wconf 68' lang='lat' dir='ltr'>&#39;Cilicia</span> <span class='ocrx_word' id='word_1_104' title='bbox 711 2403 808 2466; x_wconf 88' lang='lat' dir='ltr'>etiam</span> <span class='ocrx_word' id='word_1_105' title='bbox 831 2403 1013 2486; x_wconf 89' lang='lat' dir='ltr'>splendidos</span> <span class='ocrx_word' id='word_1_106' title='bbox 1035 2405 1137 2485; x_wconf 85' lang='lat' dir='ltr'>virus,</span> <span class='ocrx_word' id='word_1_107' title='bbox 1165 2403 1248 2486; x_wconf 92' lang='lat' dir='ltr'>quod</span> <span class='ocrx_word' id='word_1_108' title='bbox 1270 2425 1390 2487; x_wconf 87' lang='lat' dir='ltr'>magna</span> 
     </span>
     <span class='ocr_line' id='line_1_15' title="bbox 249 2504 1390 2589; baseline 0 -21"><span class='ocrx_word' id='word_1_109' title='bbox 249 2505 328 2569; x_wconf 90' lang='lat' dir='ltr'>mihi</span> <span class='ocrx_word' id='word_1_110' title='bbox 350 2507 386 2569; x_wconf 90' lang='lat' dir='ltr'>in</span> <span class='ocrx_word' id='word_1_111' title='bbox 408 2527 445 2569; x_wconf 88' lang='lat' dir='ltr'>ea</span> <span class='ocrx_word' id='word_1_112' title='bbox 466 2507 632 2589; x_wconf 88' lang='lat' dir='ltr'>provincia</span> <span class='ocrx_word' id='word_1_113' title='bbox 654 2505 829 2570; x_wconf 87' lang='lat' dir='ltr'>amicorum</span> <span class='ocrx_word' id='word_1_114' title='bbox 852 2507 943 2588; x_wconf 89' lang='lat' dir='ltr'>copia</span> <span class='ocrx_word' id='word_1_115' title='bbox 966 2509 1025 2588; x_wconf 90' lang='lat' dir='ltr'>est,</span> <span class='ocrx_word' id='word_1_116' title='bbox 1050 2527 1122 2569; x_wconf 90' lang='lat' dir='ltr'>cnm</span> <span class='ocrx_word' id='word_1_117' title='bbox 1136 2504 1264 2588; x_wconf 86' lang='lat' dir='ltr'>publice</span> <span class='ocrx_word' id='word_1_118' title='bbox 1286 2505 1390 2588; x_wconf 86' lang='lat' dir='ltr'>priva-</span> 
     </span>
     <span class='ocr_line' id='line_1_16' title="bbox 248 2606 1390 2692; baseline 0 -21"><span class='ocrx_word' id='word_1_119' title='bbox 248 2608 370 2691; x_wconf 91' lang='lat' dir='ltr'>timque</span> <span class='ocrx_word' id='word_1_120' title='bbox 393 2629 517 2690; x_wconf 89' lang='lat' dir='ltr'>semper</span> <span class='ocrx_word' id='word_1_121' title='bbox 538 2607 670 2692; x_wconf 86' lang='lat' dir='ltr'>negotia</span> <span class='ocrx_word' id='word_1_122' title='bbox 693 2606 828 2672; x_wconf 80' lang='lat' dir='ltr'>Cilicum</span> <span class='ocrx_word' id='word_1_123' title='bbox 850 2608 935 2691; x_wconf 89' lang='lat' dir='ltr'>apud</span> <span class='ocrx_word' id='word_1_124' title='bbox 956 2611 989 2671; x_wconf 90' lang='lat' dir='ltr'>te</span> <span class='ocrx_word' id='word_1_125' title='bbox 1012 2607 1220 2689; x_wconf 86' lang='lat' dir='ltr'>defenderim,</span> <span class='ocrx_word' id='word_1_126' title='bbox 1244 2609 1282 2669; x_wconf 89' lang='lat' dir='ltr'>ut</span> <span class='ocrx_word' id='word_1_127' title='bbox 1303 2607 1390 2671; x_wconf 90' lang='lat' dir='ltr'>veni-</span> 
     </span>
     <span class='ocr_line' id='line_1_17' title="bbox 249 2707 1391 2793; baseline 0 -21"><span class='ocrx_word' id='word_1_128' title='bbox 249 2713 322 2773; x_wconf 88' lang='lat' dir='ltr'>rent</span> <span class='ocrx_word' id='word_1_129' title='bbox 343 2709 489 2773; x_wconf 83' lang='lat' dir='ltr'>hortatus</span> <span class='ocrx_word' id='word_1_130' title='bbox 511 2732 591 2773; x_wconf 92' lang='lat' dir='ltr'>sum.</span> <span class='ocrx_word' id='word_1_131' title='bbox 636 2708 686 2772; x_wconf 82' lang='lat' dir='ltr'>Ex</span> <span class='ocrx_word' id='word_1_132' title='bbox 713 2707 916 2773; x_wconf 86' lang='lat' dir='ltr'>Mauretania</span> <span class='ocrx_word' id='word_1_133' title='bbox 937 2730 1062 2793; x_wconf 91' lang='lat' dir='ltr'>quoque</span> <span class='ocrx_word' id='word_1_134' title='bbox 1084 2709 1189 2772; x_wconf 85' lang='lat' dir='ltr'>virum</span> <span class='ocrx_word' id='word_1_135' title='bbox 1211 2708 1391 2773; x_wconf 88' lang='lat' dir='ltr'>amantissi-</span> 
     </span>
     <span class='ocr_line' id='line_1_18' title="bbox 249 2809 1389 2894; baseline -0.001 -19"><span class='ocrx_word' id='word_1_136' title='bbox 249 2834 336 2875; x_wconf 92' lang='lat' dir='ltr'>mum</span> <span class='ocrx_word' id='word_1_137' title='bbox 355 2810 503 2894; x_wconf 89' lang='lat' dir='ltr'>mihique</span> <span class='ocrx_word' id='word_1_138' title='bbox 530 2813 641 2875; x_wconf 89' lang='lat' dir='ltr'>mutuo</span> <span class='ocrx_word' id='word_1_139' title='bbox 669 2833 778 2874; x_wconf 89' lang='lat' dir='ltr'>carum</span> <span class='ocrx_word' id='word_1_140' title='bbox 803 2809 923 2874; x_wconf 89' lang='lat' dir='ltr'>Iulium</span> <span class='ocrx_word' id='word_1_141' title='bbox 950 2809 1067 2875; x_wconf 82' lang='lat' dir='ltr'>Senem</span> <span class='ocrx_word' id='word_1_142' title='bbox 1096 2810 1136 2873; x_wconf 90' lang='lat' dir='ltr'>ad</span> <span class='ocrx_word' id='word_1_143' title='bbox 1167 2812 1237 2874; x_wconf 81' lang='lat' dir='ltr'>me⁵</span> <span class='ocrx_word' id='word_1_144' title='bbox 1267 2813 1389 2893; x_wconf 85' lang='lat' dir='ltr'>vocavi,</span> 
     </span>
     <span class='ocr_line' id='line_1_19' title="bbox 251 2912 1390 3001; baseline 0 -25"><span class='ocrx_word' id='word_1_145' title='bbox 251 2913 339 2977; x_wconf 93' lang='lat' dir='ltr'>cuius</span> <span class='ocrx_word' id='word_1_146' title='bbox 361 2935 427 2976; x_wconf 91' lang='lat' dir='ltr'>nun</span> <span class='ocrx_word' id='word_1_147' title='bbox 450 2913 543 2976; x_wconf 89' lang='lat' dir='ltr'>modo</span> <span class='ocrx_word' id='word_1_148' title='bbox 564 2912 626 2975; x_wconf 90' lang='lat' dir='ltr'>fide</span> <span class='ocrx_word' id='word_1_149' title='bbox 654 2915 687 2975; x_wconf 91' lang='lat' dir='ltr'>et</span> <span class='ocrx_word' id='word_1_150' title='bbox 714 2912 899 2997; x_wconf 86' lang='lat' dir='ltr'>diligentia,</span> <span class='ocrx_word' id='word_1_151' title='bbox 933 2913 987 2976; x_wconf 89' lang='lat' dir='ltr'>sed</span> <span class='ocrx_word' id='word_1_152' title='bbox 1015 2912 1112 2976; x_wconf 89' lang='lat' dir='ltr'>etiam</span> <span class='ocrx_word' id='word_1_153' title='bbox 1138 2912 1271 2976; x_wconf 89' lang='lat' dir='ltr'>militari</span> <span class='ocrx_word' id='word_1_154' title='bbox 1298 2913 1390 3001; x_wconf 87' lang='lat' dir='ltr'>indu-</span> 
     </span>
    </p>
   </div>
   <div class='ocr_carea' id='block_1_4' title="bbox 249 3013 1504 3098">
    <p class='ocr_par' dir='ltr' id='par_1_4' title="bbox 249 3013 1504 3098">
     <span class='ocr_line' id='line_1_20' title="bbox 249 3013 1504 3098; baseline 0 -19"><span class='ocrx_word' id='word_1_155' title='bbox 249 3015 329 3079; x_wconf 88' lang='lat' dir='ltr'>stria</span> <span class='ocrx_word' id='word_1_156' title='bbox 345 3015 429 3079; x_wconf 91' lang='lat' dir='ltr'>circa</span> <span class='ocrx_word' id='word_1_157' title='bbox 444 3014 640 3098; x_wconf 91' lang='lat' dir='ltr'>quaerendus</span> <span class='ocrx_word' id='word_1_158' title='bbox 657 3016 690 3077; x_wconf 88' lang='lat' dir='ltr'>et</span> <span class='ocrx_word' id='word_1_159' title='bbox 705 3013 915 3078; x_wconf 88' lang='lat' dir='ltr'>continendus</span> <span class='ocrx_word' id='word_1_160' title='bbox 937 3013 1078 3079; x_wconf 91' lang='lat' dir='ltr'>latrones</span> <span class='ocrx_word' id='word_1_161' title='bbox 1094 3014 1270 3078; x_wconf 85' lang='lat' dir='ltr'>adiuvarcr.</span> <span class='ocrx_word' id='word_1_162' title='bbox 1300 3014 1391 3079; x_wconf 91' lang='lat' dir='ltr'>Haec</span> <span class='ocrx_word' id='word_1_163' title='bbox 1496 3014 1504 3031; x_wconf 78' lang='lat'>⁸</span> 
     </span>
    </p>
   </div>
   <div class='ocr_carea' id='block_1_5' title="bbox 249 3116 1477 3809">
    <p class='ocr_par' dir='ltr' id='par_1_5' title="bbox 249 3116 1477 3809">
     <span class='ocr_line' id='line_1_21' title="bbox 249 3116 1390 3199; baseline 0 -20"><span class='ocrx_word' id='word_1_164' title='bbox 249 3117 358 3180; x_wconf 90' lang='lat' dir='ltr'>omnia</span> <span class='ocrx_word' id='word_1_165' title='bbox 379 3116 442 3180; x_wconf 89' lang='lat' dir='ltr'>feci</span> <span class='ocrx_word' id='word_1_166' title='bbox 465 3116 655 3199; x_wconf 71' lang='lat' dir='ltr'>spe‘fretus,</span> <span class='ocrx_word' id='word_1_167' title='bbox 679 3136 771 3197; x_wconf 90' lang='lat' dir='ltr'>posse</span> <span class='ocrx_word' id='word_1_168' title='bbox 793 3137 844 3178; x_wconf 91' lang='lat' dir='ltr'>me</span> <span class='ocrx_word' id='word_1_169' title='bbox 866 3117 954 3179; x_wconf 85' lang='lat' dir='ltr'>victu</span> <span class='ocrx_word' id='word_1_170' title='bbox 975 3116 1066 3179; x_wconf 90' lang='lat' dir='ltr'>tenui</span> <span class='ocrx_word' id='word_1_171' title='bbox 1090 3119 1122 3181; x_wconf 90' lang='lat' dir='ltr'>et</span> <span class='ocrx_word' id='word_1_172' title='bbox 1144 3139 1227 3199; x_wconf 88' lang='lat' dir='ltr'>aqua</span> <span class='ocrx_word' id='word_1_173' title='bbox 1247 3118 1390 3199; x_wconf 89' lang='lat' dir='ltr'>putanda</span> 
     </span>
     <span class='ocr_line' id='line_1_22' title="bbox 250 3216 1388 3301; baseline -0.001 -19"><span class='ocrx_word' id='word_1_174' title='bbox 250 3219 367 3282; x_wconf 92' lang='lat' dir='ltr'>malam</span> <span class='ocrx_word' id='word_1_175' title='bbox 394 3218 625 3298; x_wconf 88' lang='lat' dir='ltr'>valetudinem,</span> <span class='ocrx_word' id='word_1_176' title='bbox 659 3216 743 3299; x_wconf 73' lang='lat' dir='ltr'>qua6</span> <span class='ocrx_word' id='word_1_177' title='bbox 763 3216 935 3301; x_wconf 88' lang='lat' dir='ltr'>impedior,</span> <span class='ocrx_word' id='word_1_178' title='bbox 971 3217 997 3279; x_wconf 89' lang='lat' dir='ltr'>si</span> <span class='ocrx_word' id='word_1_179' title='bbox 1024 3239 1091 3281; x_wconf 91' lang='lat' dir='ltr'>nun</span> <span class='ocrx_word' id='word_1_180' title='bbox 1113 3218 1244 3281; x_wconf 90' lang='lat' dir='ltr'>omnino</span> <span class='ocrx_word' id='word_1_181' title='bbox 1267 3218 1388 3300; x_wconf 88' lang='lat' dir='ltr'>sedare,</span> 
     </span>
     <span class='ocr_line' id='line_1_23' title="bbox 251 3316 1390 3406; baseline -0.001 -23"><span class='ocrx_word' id='word_1_182' title='bbox 251 3318 361 3406; x_wconf 70' lang='lat' dir='ltr'>[cerlte</span> <span class='ocrx_word' id='word_1_183' title='bbox 384 3320 424 3382; x_wconf 87' lang='lat' dir='ltr'>ad</span> <span class='ocrx_word' id='word_1_184' title='bbox 446 3316 572 3405; x_wconf 83' lang='lat' dir='ltr'>m[aius]</span> <span class='ocrx_word' id='word_1_185' title='bbox 602 3317 806 3382; x_wconf 86' lang='lat' dir='ltr'>intervallum</span> <span class='ocrx_word' id='word_1_186' title='bbox 831 3316 943 3405; x_wconf 83' lang='lat' dir='ltr'>[eius]⁷</span> <span class='ocrx_word' id='word_1_187' title='bbox 975 3319 1113 3401; x_wconf 88' lang='lat' dir='ltr'>impetus</span> <span class='ocrx_word' id='word_1_188' title='bbox 1134 3318 1294 3403; x_wconf 86' lang='lat' dir='ltr'>mitigare.</span> <span class='ocrx_word' id='word_1_189' title='bbox 1339 3320 1390 3383; x_wconf 88' lang='lat' dir='ltr'>Ita</span> 
     </span>
     <span class='ocr_line' id='line_1_24' title="bbox 251 3405 1390 3505; baseline -0.001 -20"><span class='ocrx_word' id='word_1_190' title='bbox 251 3421 367 3503; x_wconf 89' lang='lat' dir='ltr'>evenit,</span> <span class='ocrx_word' id='word_1_191' title='bbox 390 3423 427 3484; x_wconf 89' lang='lat' dir='ltr'>nt</span> <span class='ocrx_word' id='word_1_192' title='bbox 449 3420 542 3484; x_wconf 88' lang='lat' dir='ltr'>solitu</span> <span class='ocrx_word' id='word_1_193' title='bbox 565 3405 684 3483; x_wconf 87' lang='lat' dir='ltr'>diutius</span> <span class='ocrx_word' id='word_1_194' title='bbox 699 3419 781 3483; x_wconf 90' lang='lat' dir='ltr'>benc</span> <span class='ocrx_word' id='word_1_195' title='bbox 795 3420 935 3483; x_wconf 89' lang='lat' dir='ltr'>valerem</span> <span class='ocrx_word' id='word_1_196' title='bbox 957 3422 989 3483; x_wconf 89' lang='lat' dir='ltr'>et</span> <span class='ocrx_word' id='word_1_197' title='bbox 1010 3419 1104 3484; x_wconf 91' lang='lat' dir='ltr'>furtis</span> <span class='ocrx_word' id='word_1_198' title='bbox 1126 3421 1284 3505; x_wconf 87' lang='lat' dir='ltr'>vigerem:</span> <span class='ocrx_word' id='word_1_199' title='bbox 1311 3421 1390 3484; x_wconf 91' lang='lat' dir='ltr'>adcu</span> 
     </span>
     <span class='ocr_line' id='line_1_25' title="bbox 249 3522 1389 3605; baseline 0 -19"><span class='ocrx_word' id='word_1_200' title='bbox 249 3526 286 3587; x_wconf 88' lang='lat' dir='ltr'>ut</span> <span class='ocrx_word' id='word_1_201' title='bbox 308 3523 405 3586; x_wconf 89' lang='lat' dir='ltr'>etiam</span> <span class='ocrx_word' id='word_1_202' title='bbox 427 3522 505 3585; x_wconf 89' lang='lat' dir='ltr'>duas</span> <span class='ocrx_word' id='word_1_203' title='bbox 529 3522 702 3586; x_wconf 92' lang='lat' dir='ltr'>amicorum</span> <span class='ocrx_word' id='word_1_204' title='bbox 730 3544 841 3586; x_wconf 87' lang='lat' dir='ltr'>causas</span> <span class='ocrx_word' id='word_1_205' title='bbox 868 3544 936 3586; x_wconf 93' lang='lat' dir='ltr'>nun</span> <span class='ocrx_word' id='word_1_206' title='bbox 962 3522 1087 3586; x_wconf 89' lang='lat' dir='ltr'>minimi</span> <span class='ocrx_word' id='word_1_207' title='bbox 1115 3522 1233 3586; x_wconf 89' lang='lat' dir='ltr'>laboris</span> <span class='ocrx_word' id='word_1_208' title='bbox 1256 3525 1335 3605; x_wconf 88' lang='lat' dir='ltr'>aput</span> <span class='ocrx_word' id='word_1_209' title='bbox 1356 3526 1389 3586; x_wconf 90' lang='lat' dir='ltr'>te</span> 
     </span>
     <span class='ocr_line' id='line_1_26' title="bbox 249 3622 1389 3708; baseline -0.001 -19"><span class='ocrx_word' id='word_1_210' title='bbox 249 3628 373 3689; x_wconf 87' lang='lat' dir='ltr'>tutatus</span> <span class='ocrx_word' id='word_1_211' title='bbox 412 3624 481 3687; x_wconf 90' lang='lat' dir='ltr'>sim.</span> <span class='ocrx_word' id='word_1_212' title='bbox 537 3624 667 3708; x_wconf 84' lang='lat' dir='ltr'>Ingruit</span> <span class='ocrx_word' id='word_1_213' title='bbox 705 3622 818 3688; x_wconf 89' lang='lat' dir='ltr'>deinde</span> <span class='ocrx_word' id='word_1_214' title='bbox 855 3626 949 3687; x_wconf 87' lang='lat' dir='ltr'>tanta</span> <span class='ocrx_word' id='word_1_215' title='bbox 985 3624 1033 3687; x_wconf 83' lang='lat' dir='ltr'>vis</span> <span class='ocrx_word' id='word_1_216' title='bbox 1063 3624 1273 3707; x_wconf 85' lang='lat' dir='ltr'>valetudinis,</span> <span class='ocrx_word' id='word_1_217' title='bbox 1308 3647 1389 3708; x_wconf 89' lang='lat' dir='ltr'>quae</span> 
     </span>
     <span class='ocr_line' id='line_1_27' title="bbox 249 3725 1477 3809; baseline 0 -19"><span class='ocrx_word' id='word_1_218' title='bbox 249 3726 328 3790; x_wconf 89' lang='lat' dir='ltr'>mihi</span> <span class='ocrx_word' id='word_1_219' title='bbox 355 3725 553 3808; x_wconf 88' lang='lat' dir='ltr'>ostenderet,</span> <span class='ocrx_word' id='word_1_220' title='bbox 582 3746 710 3788; x_wconf 89' lang='lat' dir='ltr'>omnem</span> <span class='ocrx_word' id='word_1_221' title='bbox 737 3746 827 3808; x_wconf 89' lang='lat' dir='ltr'>spem</span> <span class='ocrx_word' id='word_1_222' title='bbox 855 3725 944 3788; x_wconf 86' lang='lat' dir='ltr'>illam</span> <span class='ocrx_word' id='word_1_223' title='bbox 973 3725 1129 3809; x_wconf 65' lang='lat' dir='ltr'>lssinritum</span> <span class='ocrx_word' id='word_1_224' title='bbox 1153 3730 1251 3803; x_wconf 80' lang='lat' dir='ltr'>fuisse</span> <span class='ocrx_word' id='word_1_225' title='bbox 1281 3777 1287 3789; x_wconf 91' lang='lat'>.</span> <span class='ocrx_word' id='word_1_226' title='bbox 1314 3776 1320 3789; x_wconf 94' lang='lat'>.</span> <span class='ocrx_word' id='word_1_227' title='bbox 1347 3776 1353 3790; x_wconf 90' lang='lat'>.</span> <span class='ocrx_word' id='word_1_228' title='bbox 1380 3776 1387 3790; x_wconf 93' lang='lat'>.</span> <span class='ocrx_word' id='word_1_229' title='bbox 1473 3771 1477 3777; x_wconf 33' lang='grc' dir='ltr'><em>ι</em></span> 
     </span>
    </p>
   </div>
   <div class='ocr_carea' id='block_1_6' title="bbox 250 3985 452 3993">
    <p class='ocr_par' dir='ltr' id='par_1_6' title="bbox 250 3985 452 3993">
     <span class='ocr_line' id='line_1_28' title="bbox 250 3985 452 3993; baseline -0.015 0"><span class='ocrx_word' id='word_1_230' title='bbox 250 3985 452 3993; x_wconf 69' lang='lat'><strong>—————-</strong></span> 
     </span>
    </p>
   </div>
   <div class='ocr_carea' id='block_1_7' title="bbox 239 4061 1388 4979">
    <p class='ocr_par' dir='ltr' id='par_1_7' title="bbox 335 4061 924 4131">
     <span class='ocr_line' id='line_1_29' title="bbox 335 4061 924 4131; baseline 0.003 -16"><span class='ocrx_word' id='word_1_231' title='bbox 335 4070 348 4115; x_wconf 93' lang='lat'>1</span> <span class='ocrx_word' id='word_1_232' title='bbox 366 4061 478 4131; x_wconf 80' lang='lat' dir='ltr'>Legesis</span> <span class='ocrx_word' id='word_1_233' title='bbox 496 4063 532 4115; x_wconf 88' lang='lat' dir='ltr'>ad</span> <span class='ocrx_word' id='word_1_234' title='bbox 548 4062 585 4116; x_wconf 89' lang='lat' dir='ltr'>M.</span> <span class='ocrx_word' id='word_1_235' title='bbox 605 4061 681 4117; x_wconf 88' lang='lat' dir='ltr'>Caes.</span> <span class='ocrx_word' id='word_1_236' title='bbox 700 4062 734 4116; x_wconf 89' lang='lat' dir='ltr'>V.</span> <span class='ocrx_word' id='word_1_237' title='bbox 752 4069 793 4117; x_wconf 79' lang='lat'>37.</span> <span class='ocrx_word' id='word_1_238' title='bbox 830 4067 924 4117; x_wconf 71' lang='grc' dir='ltr'>Μαίιιε.</span> 
     </span>
    </p>

    <p class='ocr_par' dir='ltr' id='par_1_8' title="bbox 239 4145 1388 4385">
     <span class='ocr_line' id='line_1_30' title="bbox 334 4145 1388 4217; baseline 0.006 -18"><span class='ocrx_word' id='word_1_239' title='bbox 334 4154 349 4200; x_wconf 79' lang='lat'><strong>2</strong></span> <span class='ocrx_word' id='word_1_240' title='bbox 367 4145 487 4215; x_wconf 83' lang='lat' dir='ltr'>Explicit</span> <span class='ocrx_word' id='word_1_241' title='bbox 504 4146 651 4214; x_wconf 86' lang='lat' dir='ltr'>quaternio</span> <span class='ocrx_word' id='word_1_242' title='bbox 669 4147 770 4213; x_wconf 78' lang='lat' dir='ltr'>XXXI3</span> <span class='ocrx_word' id='word_1_243' title='bbox 793 4145 903 4201; x_wconf 87' lang='lat' dir='ltr'>videtur</span> <span class='ocrx_word' id='word_1_244' title='bbox 926 4147 1039 4216; x_wconf 90' lang='lat' dir='ltr'>quidem</span> <span class='ocrx_word' id='word_1_245' title='bbox 1061 4148 1118 4217; x_wconf 84' lang='lat' dir='ltr'>legi</span> <span class='ocrx_word' id='word_1_246' title='bbox 1138 4149 1168 4201; x_wconf 91' lang='lat' dir='ltr'>in</span> <span class='ocrx_word' id='word_1_247' title='bbox 1186 4149 1287 4203; x_wconf 85' lang='lat' dir='ltr'>Codice</span> <span class='ocrx_word' id='word_1_248' title='bbox 1305 4150 1388 4215; x_wconf 86' lang='lat' dir='ltr'>XXX,</span> 
     </span>
     <span class='ocr_line' id='line_1_31' title="bbox 248 4231 1388 4304; baseline 0.003 -19"><span class='ocrx_word' id='word_1_249' title='bbox 248 4233 298 4287; x_wconf 89' lang='lat' dir='ltr'>sed</span> <span class='ocrx_word' id='word_1_250' title='bbox 316 4248 394 4285; x_wconf 90' lang='lat' dir='ltr'>error</span> <span class='ocrx_word' id='word_1_251' title='bbox 410 4231 571 4285; x_wconf 89' lang='lat' dir='ltr'>manifestus</span> <span class='ocrx_word' id='word_1_252' title='bbox 589 4232 640 4297; x_wconf 67' lang='lat' dir='ltr'>est,</span> <span class='ocrx_word' id='word_1_253' title='bbox 657 4232 723 4300; x_wconf 90' lang='lat' dir='ltr'>quia</span> <span class='ocrx_word' id='word_1_254' title='bbox 739 4233 812 4286; x_wconf 89' lang='lat' dir='ltr'>hunc</span> <span class='ocrx_word' id='word_1_255' title='bbox 824 4248 969 4286; x_wconf 89' lang='lat' dir='ltr'>numerum</span> <span class='ocrx_word' id='word_1_256' title='bbox 986 4231 1043 4286; x_wconf 90' lang='lat' dir='ltr'>iam</span> <span class='ocrx_word' id='word_1_257' title='bbox 1054 4233 1201 4288; x_wconf 87' lang='lat' dir='ltr'>habuimus</span> <span class='ocrx_word' id='word_1_258' title='bbox 1217 4252 1244 4304; x_wconf 91' lang='lat' dir='ltr'>p.</span> <span class='ocrx_word' id='word_1_259' title='bbox 1258 4240 1307 4288; x_wconf 86' lang='lat'>381</span> <span class='ocrx_word' id='word_1_260' title='bbox 1321 4234 1388 4289; x_wconf 83' lang='lat' dir='ltr'>cod.</span> 
     </span>
     <span class='ocr_line' id='line_1_32' title="bbox 239 4313 996 4385; baseline -0.005 -15"><span class='ocrx_word' id='word_1_261' title='bbox 239 4316 381 4385; x_wconf 77' lang='lat' dir='ltr'>‘Sequitur</span> <span class='ocrx_word' id='word_1_262' title='bbox 399 4313 464 4368; x_wconf 82' lang='lat' dir='ltr'>Cud.</span> <span class='ocrx_word' id='word_1_263' title='bbox 483 4332 510 4383; x_wconf 91' lang='lat' dir='ltr'>p.</span> <span class='ocrx_word' id='word_1_264' title='bbox 531 4321 588 4369; x_wconf 80' lang='lat'>332.</span> <span class='ocrx_word' id='word_1_265' title='bbox 989 4318 996 4330; x_wconf 86' lang='lat'>‘</span> 
     </span>
    </p>

    <p class='ocr_par' dir='ltr' id='par_1_9' title="bbox 334 4398 708 4467">
     <span class='ocr_line' id='line_1_33' title="bbox 334 4398 708 4467; baseline -0.005 -12"><span class='ocrx_word' id='word_1_266' title='bbox 334 4408 350 4455; x_wconf 84' lang='lat'><strong>3</strong></span> <span class='ocrx_word' id='word_1_267' title='bbox 366 4400 474 4467; x_wconf 86' lang='lat' dir='ltr'>Nempe</span> <span class='ocrx_word' id='word_1_268' title='bbox 492 4398 576 4453; x_wconf 85' lang='lat' dir='ltr'>Cirta.</span> <span class='ocrx_word' id='word_1_269' title='bbox 613 4404 708 4454; x_wconf 81' lang='lat' dir='ltr'>Maius.</span> 
     </span>
    </p>

    <p class='ocr_par' dir='ltr' id='par_1_10' title="bbox 332 4482 529 4539">
     <span class='ocr_line' id='line_1_34' title="bbox 332 4482 529 4539; baseline -0.01 0"><span class='ocrx_word' id='word_1_270' title='bbox 332 4492 349 4539; x_wconf 89' lang='lat'>4</span> <span class='ocrx_word' id='word_1_271' title='bbox 366 4485 410 4537; x_wconf 89' lang='lat' dir='ltr'>Ita</span> <span class='ocrx_word' id='word_1_272' title='bbox 428 4482 529 4538; x_wconf 83' lang='lat' dir='ltr'>Codex.</span> 
     </span>
    </p>

    <p class='ocr_par' dir='ltr' id='par_1_11' title="bbox 334 4568 693 4637">
     <span class='ocr_line' id='line_1_35' title="bbox 334 4568 693 4637; baseline 0 -14"><span class='ocrx_word' id='word_1_273' title='bbox 334 4575 350 4623; x_wconf 84' lang='lat'>5</span> <span class='ocrx_word' id='word_1_274' title='bbox 367 4568 541 4623; x_wconf 84' lang='lat' dir='ltr'>Vocabulum</span> <span class='ocrx_word' id='word_1_275' title='bbox 557 4586 693 4637; x_wconf 88' lang='lat' dir='ltr'>suprascr.</span> 
     </span>
    </p>

    <p class='ocr_par' dir='ltr' id='par_1_12' title="bbox 333 4652 650 4722">
     <span class='ocr_line' id='line_1_36' title="bbox 333 4652 650 4722; baseline 0.003 -15"><span class='ocrx_word' id='word_1_276' title='bbox 333 4660 349 4707; x_wconf 84' lang='grc'><strong>6</strong></span> <span class='ocrx_word' id='word_1_277' title='bbox 368 4652 434 4707; x_wconf 81' lang='lat' dir='ltr'>uod.</span> <span class='ocrx_word' id='word_1_278' title='bbox 453 4669 494 4720; x_wconf 90' lang='lat' dir='ltr'>pr.</span> <span class='ocrx_word' id='word_1_279' title='bbox 513 4669 549 4706; x_wconf 91' lang='lat' dir='ltr'>m.</span> <span class='ocrx_word' id='word_1_280' title='bbox 570 4673 650 4722; x_wconf 83' lang='lat' dir='ltr'>quam.</span> 
     </span>
    </p>

    <p class='ocr_par' dir='ltr' id='par_1_13' title="bbox 334 4736 1200 4804">
     <span class='ocr_line' id='line_1_37' title="bbox 334 4736 1200 4804; baseline 0.002 -11"><span class='ocrx_word' id='word_1_281' title='bbox 334 4745 349 4793; x_wconf 79' lang='lat'><strong>7</strong></span> <span class='ocrx_word' id='word_1_282' title='bbox 367 4739 412 4792; x_wconf 84' lang='lat' dir='ltr'>Ita</span> <span class='ocrx_word' id='word_1_283' title='bbox 428 4736 524 4791; x_wconf 91' lang='lat' dir='ltr'>Maius.</span> <span class='ocrx_word' id='word_1_284' title='bbox 560 4737 671 4791; x_wconf 88' lang='lat' dir='ltr'>Amicus</span> <span class='ocrx_word' id='word_1_285' title='bbox 689 4738 759 4793; x_wconf 88' lang='lat' dir='ltr'>vidit</span> <span class='ocrx_word' id='word_1_286' title='bbox 775 4742 804 4793; x_wconf 91' lang='lat' dir='ltr'>in</span> <span class='ocrx_word' id='word_1_287' title='bbox 823 4739 937 4793; x_wconf 80' lang='lat' dir='ltr'>Codice:</span> <span class='ocrx_word' id='word_1_288' title='bbox 960 4739 1062 4804; x_wconf 77' lang='lat' dir='ltr'>EQEC</span> <span class='ocrx_word' id='word_1_289' title='bbox 1077 4784 1082 4794; x_wconf 93' lang='lat'>.</span> <span class='ocrx_word' id='word_1_290' title='bbox 1098 4784 1103 4794; x_wconf 94' lang='lat'>.</span> <span class='ocrx_word' id='word_1_291' title='bbox 1119 4784 1124 4795; x_wconf 93' lang='lat'>.</span> <span class='ocrx_word' id='word_1_292' title='bbox 1140 4784 1145 4795; x_wconf 90' lang='lat'>.</span> <span class='ocrx_word' id='word_1_293' title='bbox 1160 4741 1200 4795; x_wconf 82' lang='lat' dir='ltr'>IS.</span> 
     </span>
    </p>

    <p class='ocr_par' dir='ltr' id='par_1_14' title="bbox 248 4820 1388 4979">
     <span class='ocr_line' id='line_1_38' title="bbox 334 4820 1388 4895; baseline 0.005 -18"><span class='ocrx_word' id='word_1_294' title='bbox 334 4830 350 4877; x_wconf 88' lang='lat'>8</span> <span class='ocrx_word' id='word_1_295' title='bbox 367 4820 499 4888; x_wconf 81' lang='lat' dir='ltr'>Sequitur</span> <span class='ocrx_word' id='word_1_296' title='bbox 517 4821 582 4876; x_wconf 85' lang='lat' dir='ltr'>Cud.</span> <span class='ocrx_word' id='word_1_297' title='bbox 602 4839 629 4890; x_wconf 88' lang='lat' dir='ltr'>p.</span> <span class='ocrx_word' id='word_1_298' title='bbox 649 4829 706 4889; x_wconf 83' lang='lat'>331,</span> <span class='ocrx_word' id='word_1_299' title='bbox 724 4840 795 4891; x_wconf 90' lang='lat' dir='ltr'>quae</span> <span class='ocrx_word' id='word_1_300' title='bbox 813 4825 876 4877; x_wconf 83' lang='lat' dir='ltr'>tota</span> <span class='ocrx_word' id='word_1_301' title='bbox 893 4841 973 4878; x_wconf 89' lang='lat' dir='ltr'>erasa</span> <span class='ocrx_word' id='word_1_302' title='bbox 990 4826 1039 4879; x_wconf 85' lang='lat' dir='ltr'>est.</span> <span class='ocrx_word' id='word_1_303' title='bbox 1063 4826 1096 4878; x_wconf 91' lang='lat' dir='ltr'>In</span> <span class='ocrx_word' id='word_1_304' title='bbox 1108 4842 1165 4894; x_wconf 90' lang='lat' dir='ltr'>seq.</span> <span class='ocrx_word' id='word_1_305' title='bbox 1178 4843 1243 4895; x_wconf 82' lang='lat' dir='ltr'>pag.</span> <span class='ocrx_word' id='word_1_306' title='bbox 1258 4834 1308 4882; x_wconf 82' lang='lat'>330</span> <span class='ocrx_word' id='word_1_307' title='bbox 1319 4827 1388 4881; x_wconf 91' lang='lat' dir='ltr'>nihil</span> 
     </span>
     <span class='ocr_line' id='line_1_39' title="bbox 248 4906 990 4979; baseline 0.007 -19"><span class='ocrx_word' id='word_1_308' title='bbox 248 4907 352 4979; x_wconf 81' lang='lat' dir='ltr'>legitur</span> <span class='ocrx_word' id='word_1_309' title='bbox 369 4906 482 4979; x_wconf 83' lang='lat' dir='ltr'>praeter</span> <span class='ocrx_word' id='word_1_310' title='bbox 499 4907 609 4965; x_wconf 84' lang='lat' dir='ltr'>unicam</span> <span class='ocrx_word' id='word_1_311' title='bbox 626 4906 792 4965; x_wconf 85' lang='lat' dir='ltr'>sententiam</span> <span class='ocrx_word' id='word_1_312' title='bbox 808 4908 838 4965; x_wconf 89' lang='lat' dir='ltr'>in</span> <span class='ocrx_word' id='word_1_313' title='bbox 856 4908 990 4979; x_wconf 86' lang='lat' dir='ltr'>margine.</span> 
     </span>
    </p>
   </div>
   <div class='ocr_carea' id='block_1_8' title="bbox 0 0 1655 6050">
    <p class='ocr_par' dir='ltr' id='par_1_15' title="bbox 0 0 1655 6050">
     <span class='ocr_line' id='line_1_40' title="bbox 0 0 1655 6050; baseline 0 0"><span class='ocrx_word' id='word_1_314' title='bbox 0 0 1655 6050; x_wconf 95' lang='lat' dir='ltr'> </span> 
     </span>
    </p>
   </div>
  </div>
 </body>
</html>
