3300 6050
608 845 834 899 FRAGMENTA
856 845 1041 900 MISCELLA.

536 1066 603 1153 [XI.
641 1066 884 1133 EPlaneiade
907 1068 1113 1150 Fulgentio.
1222 1076 1226 1081 ’

338 1188 386 1251 De
408 1186 575 1250 Abstrusis
599 1186 818 1268 sermonibus,
843 1187 891 1250 ed.
916 1188 1043 1251 Lersch.
1067 1210 1099 1270 p.
1116 1187 1226 1251 XVIII
1250 1192 1281 1251 et
1304 1189 1392 1253 XIX.

254 1291 304 1353 Ad
339 1289 454 1354 Catum
486 1287 722 1370 Presbyterum.
767 1287 902 1352 XXXV.
944 1289 1111 1352 Iusticium
1145 1290 1262 1354 (11011111
1290 1291 1393 1375 publi-

256 1413 310 1455 cus
343 1391 458 1454 luctus
504 1388 597 1453 Unde
624 1389 744 1452 Fronto
769 1390 804 1452 in
840 1390 983 1453 oratione
1017 1413 1076 1473 pro
1105 1391 1295 1456 Nucerinis¹
1330 1393 1393 1456 ait:

255 1499 389 1570 Denique
416 1498 558 1556 iustitium
582 1497 666 1571 plebi
697 1497 851 1556 indicitur.
897 1491 1089 1556 Conferatur
1115 1492 1200 1557 idem
1228 1495 1269 1557 ad
1298 1494 1393 1560 Chal·

256 1594 373 1657 cidium
389 1593 655 1657 Grammaticum:
678 1592 846 1656 Iustieium
862 1593 979 1657 dieitur
993 1594 1097 1657 luctus
1113 1595 1269 1677 publicus.
1299 1595 1393 1659 Unde

256 1700 288 1759 et
314 1695 434 1759 Fronto
456 1696 490 1759 in
520 1695 663 1758 oratione
692 1717 750 1778 pro
776 1694 952 1779 Nugerinis
981 1697 1041 1759 ait:
1079 1702 1215 1775 Denique
1241 1704 1393 1763 iusticiam

253 1802 338 1877 plebi
358 1796 526 1884 indicina]
953 1783 962 1803 ‘

641 1945 724 2034 [XII.
770 1946 827 2012 Ex
855 1948 1006 2014 Isidoro.

338 2068 428 2152 Orig.
458 2067 530 2131 XV.
554 2067 660 2131 146.
713 2066 829 2131 Carcer
856 2069 905 2130 est
933 2090 952 2130 a
979 2090 1041 2151 quo
1069 2068 1276 2152 prohibemur
1309 2071 1395 2135 exire

254 2176 286 2232 et
309 2169 412 2233 dictus
441 2192 549 2239 career
572 2192 590 2232 a
613 2167 829 2256 coercendo².]

563 2338 653 2402 XIII.
696 2337 754 2403 Ex
775 2337 931 2404 Minucio
953 2338 1085 2404 Felice.

542 2457 642 2539 (unii.
667 2456 702 2520 F.
727 2455 854 2521 Oehler.
886 2457 971 2540 Lips.
998 2457 1105 2543 1847.)

338 2576 415 2661 Gap.
439 2577 496 2641 IX.
542 2577 586 2640 Et
613 2577 651 2640 de
680 2576 824 2640 convivio
847 2580 960 2640 notum
982 2579 1030 2640 est
1036 2628 1045 2660 ,
1074 2579 1194 2659 passim
1217 2602 1326 2642 omnes
1349 2581 1393 2643 lo-

252 2682 408 2763 01111111οη
430 2680 463 2743 id
485 2679 582 2742 etiam
605 2678 759 2743 Cirtensis
782 2679 884 2741 nostri
906 2681 1043 2742 testatur
1065 2681 1177 2744 oratio.
1209 2681 1261 2744 Ad
1284 2682 1394 2765 epulas

253 2781 386 2846 solemni
409 2782 459 2845 die
482 2785 607 2864 coeunt,
632 2803 704 2844 cum
719 2781 867 2845 omnibus
884 2781 1004 2864 liberie,
1028 2782 1199 2865 sororibus
1222 2784 1392 2867 matribuS‚

253 2907 345 2948 sexus
367 2884 471 2947 omnis
493 2882 638 2946 homines
661 2886 693 2946 et
715 2883 819 2946 omnis
835 2884 960 2947 aetatis.
992 2882 1062 2947 Illic
1084 2886 1157 2968 post
1179 2885 1296 2949 multas
1319 2909 1394 2970 epu-

253 2985 310 3069 lae,
335 2986 390 3050 ubi
413 2985 594 3050 convivium
615 2984 733 3048 coaluit
742 2986 764 3067 ²³,
789 2987 820 3049 et
842 2985 985 3049 incertae
1005 2984 1147 3049 libidinis
1164 2986 1391 3053 ebrietatibus⁴

253 3089 359 3151 fervor
381 3087 514 3169 exarsit,
540 3086 645 3167 conia,
670 3086 723 3168 qui
748 3086 939 3149 candelabro
960 3108 1061 3149 nexus
1084 3092 1143 3168 est,
1167 3088 1254 3152 iactu
1276 3090 1392 3154 offulae

253 3187 338 3253 ultra
360 3189 499 3274 spatium
520 3187 636 3269 lineae,
660 3210 723 3270 qua
746 3188 873 3251 vinctus
895 3190 955 3269 est,
980 3188 1020 3249 ad
1042 3188 1197 3272 impetum
1220 3194 1252 3252 et
1274 3192 1392 3255 saltum

253 3293 459 3373 provocatur:
482 3288 528 3352 sic
551 3310 659 3353 everso
682 3293 714 3352 et
737 3289 896 3352 exstincto
920 3289 1047 3352 conscio
1068 3290 1187 3353 lumine
1210 3291 1392 3374 inpudenti-

253 3395 311 3457 bus
334 3392 475 3456 tenebris
503 3413 604 3455 nexus
626 3391 779 3454 infandae
808 3390 993 3474 cupiditatis
1021 3391 1189 3455 involvunt
1220 3416 1279 3475 per
1307 3394 1392 3457 ince-

253 3499 337 3559 stum
359 3494 464 3577 sortis,
489 3495 522 3557 et
536 3493 563 3556 si
578 3515 644 3556 non
666 3514 775 3556 omnes
798 3514 905 3576 opera,
930 3492 1126 3556 conscientia
1141 3497 1250 3557 tamen
1271 3496 1393 3578 parIter

252 3598 383 3679 incesti,
413 3596 563 3680 quoniam
590 3598 664 3658 voto
691 3594 913 3658 universorum
941 3594 1102 3678 adpetitur
1130 3595 1282 3680 quidquid
1310 3598 1391 3662 acci-

253 3700 326 3764 dere
348 3702 454 3783 potest
475 3698 510 3760 in
533 3699 607 3761 actu
631 3696 841 3781 singulorum.

339 3977 350 4022 1
370 3970 499 4025 Lerschio
519 3969 548 4022 et
564 3968 677 4037 Meyero
697 3968 772 4021 Orat.
791 3968 871 4021 Rom.
890 3967 1039 4036 fragment.
1060 3969 1102 4021 od.
1116 3968 1149 4022 ΙΙ.
1168 3987 1195 4037 p.
1210 3973 1260 4021 617
1273 3969 1392 4025 oration

252 4056 400 4125 Fulgentio
419 4056 484 4108 fieta
502 4054 619 4107 videtur.
655 4053 749 4123 Ipsum
767 4052 914 4106 Frontonis
936 4053 1027 4105 locum
1045 4054 1188 4107 mutuatus
1204 4055 1247 4107 est
1264 4055 1300 4108 ab
1319 4057 1391 4124 Apu—

251 4140 305 4194 leio
323 4141 435 4195 Metam.
455 4140 501 4193 IV.
521 4147 561 4193 33.

337 4216 352 4261 2
371 4211 416 4262 Sic
433 4213 588 4262 Lachmann.
605 4227 633 4274 p.
654 4212 712 4258 472.
753 4205 1145 4274 Vrilp.ridd.:Hiqu1·ont0:
1167 4208 1196 4259 ut
1212 4210 1391 4276 pergraecari

252 4294 343 4363 potius
362 4291 485 4347 amoenis
502 4291 570 4345 locis
589 4306 672 4357 quam
691 4290 811 4345 coerceri
830 4306 940 4345 carcere
964 4290 1111 4344 videretur.
1146 4297 1200 4345 Sed
1216 4313 1263 4346 ona
1281 4300 1307 4345 in
1326 4298 1388 4347 Cod.

254 4384 335 4445 Guelf.
356 4386 378 4429 1.
398 4385 421 4429 2.
442 4384 458 4430 3
478 4388 503 4429 ei
523 4380 571 4428 Ed.
587 4395 631 4442 pr.
988 4379 993 4388 “

336 4471 351 4517 3
371 4467 420 4515 Me.
440 4482 484 4529 cp.
508 4464 625 4513 Wower:
641 4459 763 4513 incaluit.

336 4544 534 4610 lEbrietatis,
557 4544 692 4597 ebrietate
726 4548 787 4599 Cod.
807 4542 922 4597 ebriatis
940 4549 1076 4599 Mean-ina.
1109 4544 1251 4599 obriolatis
1271 4550 1387 4600 Hildebr.

251 4634 279 4687 in
298 4650 393 4688 caecas
410 4630 540 4684 libidines
558 4627 702 4683 ebrietatis
721 4633 871 4682 Gronovius.

721 4825 730 4830 -
740 4824 816 4828 ........
818 4820 921 4828 -α
