3300 6050
618 879 667 932 10
685 877 817 933 amoos
836 868 944 932 arnan
962 877 982 930 1.
1313 879 1373 943 173

229 1050 405 1132 liatumque
427 1049 533 1113 vellet.
579 1035 740 1113 Paulatim
762 1049 898 1132 denique
926 1048 988 1111 iste
1010 1068 1078 1110 mos
1100 1068 1289 1130 progressus
1312 1049 1371 1128 est,

229 1155 266 1215 ut
281 1152 379 1214 etiam
394 1172 457 1233 eos,
482 1153 536 1235 qui
559 1151 687 1234 publico
702 1151 752 1214 vel
767 1151 894 1233 privato
916 1149 1033 1213 iudicio
1057 1149 1284 1232 disceptarent,
1307 1170 1374 1211 non

229 1255 339 1316 tamen
361 1253 497 1335 inproba
519 1273 569 1314 res
591 1251 752 1316 videretur
774 1250 933 1314 iudicibus
955 1251 1034 1333 ipsis
1057 1253 1119 1313 aut
1134 1251 1191 1332 iis,
1221 1251 1276 1334 qui
1300 1272 1373 1313 con-

230 1353 301 1416 silio
324 1353 483 1435 adessent,
509 1352 764 1416 commendare¹:
787 1372 854 1414 non
870 1352 993 1435 opinor,
1018 1351 1058 1415 ad
1080 1351 1238 1415 iustitiam
1259 1351 1373 1415 iudicis

230 1454 489 1519 labefactandam
516 1454 567 1518 vel
589 1455 627 1517 de
649 1475 724 1517 vera
747 1453 911 1516 sententia
932 1452 1186 1535 deducendam²;
1215 1452 1289 1516 sed3
1311 1454 1373 1515 iste

229 1557 265 1619 in
286 1557 365 1639 ipsis
386 1556 513 1619 iudiciis
541 1576 610 1619 mos
631 1555 831 1618 inveteratus
855 1556 939 1636 erat,
971 1575 1066 1617 causa
1087 1556 1237 1636 perorata
1265 1553 1372 1617 lauda-

229 1661 316 1720 tores
349 1657 515 1739 adhibere,
545 1657 599 1741 qui
621 1662 753 1735 quidde
775 1658 849 1718 reo4
873 1655 1113 1737 existimarent,
1146 1676 1204 1737 pro
1226 1676 1284 1718 sua
1306 1655 1372 1739 opi-

230 1759 327 1823 nione
351 1781 423 1822 eum
446 1759 507 1823 fide
530 1761 764 1842 expromerent.
794 1757 878 1821 Item
900 1758 982 1821 istae
1006 1756 1300 1821 commendantium
1321 1755 1372 1818 lit-

229 1863 317 1924 terae
349 1860 543 1924 laudationis
576 1881 708 1923 munere
735 1859 831 1944 fungi
864 1859 949 1922 visae
983 1861 1070 1922 sunt.
1122 1857 1280 1934 Quorsum
1311 1857 1373 1921 hoc

230 1965 298 2026 tam
320 1985 358 2026 ex
381 1962 445 2026 alto
467 1961 711 2045 prohoemium?
753 1960 876 2025 Nema
899 1960 1135 2023 existimasses⁵
1162 1981 1277 2042 parum
1300 1981 1373 2023 con-

230 2064 385 2128 siderasse
408 2063 602 2147 gravitatem
624 2062 909 2144 auctoritatemque
924 2063 1014 2124 tuam
1030 2061 1282 2125 commendando
1298 2059 1372 2125 (lor-

211 2166 379 2229 nelianoss
401 2163 542 2247 Sulpicio
562 2163 812 2228 familiarissimo
835 2185 921 2247 meo,
950 2163 1005 2246 qui
1032 2163 1215 2245 propediem
1244 2185 1373 2227 causam

230 2267 314 2350 apud
337 2287 391 2330 vos
414 2266 557 2330 dicturus
579 2270 638 2331 est.
670 2264 742 2348 Sed,
766 2269 802 2328 ut
824 2265 901 2347 dixi,
924 2265 1042 2328 veteris
1063 2263 1207 2328 instituti
1229 2264 1374 2346 exemplo

230 2369 446 2433 necessarium
473 2390 580 2432 meum
607 2367 737 2431 laudare
767 2367 852 2451 apud
878 2369 912 2431 te
940 2387 1035 2430 ausus
1063 2387 1141 2428 sum.
1190 2364 1372 2429 Industrius

231 2469 278 2533 vir
300 2473 359 2553 est,
383 2473 551 2553 strennus,
574 2470 707 2554 ingenio
729 2469 830 2532 libero
853 2490 890 2532 ac
911 2466 1048 2551 liberali,
1071 2466 1196 2550 patriae
1219 2466 1373 2530 amantis-

230 2570 345 2653 simus,
378 2571 565 2635 innocentia
592 2571 695 2634 fretus
721 2571 825 2656 magis
853 2591 950 2654 quam
977 2568 1155 2651 confidens,
1190 2568 1372 2633 litterarum

230 2672 602 2757 111111011110111111117
632 2673 750 2736 artium
778 2671 941 2756 elegantia
963 2669 1042 2734 mihi
1064 2671 1305 2750 acceptissimns⁸
1330 2719 1337 2732 .
1363 2719 1370 2732 .

232 2822 239 2837 .
265 2823 272 2836 .
297 2774 401 2838 iussoa
425 2824 834 2839 .............
852 2820 855 2825 ,
861 2820 1370 2837 ................
1471 2832 1473 2835 .

232 2924 939 2939 ......................
951 2877 987 2938 ⁹.
1014 2925 1021 2937 .
1047 2924 1055 2939 .
1083 2875 1148 2938 iam
1173 2923 1179 2936 .
1206 2922 1213 2936 .
1243 2873 1372 2956 quicum

230 2974 334 3065 mi[hi]
360 3027 366 3039 .
393 3027 399 3040 .
423 2976 640 3043 in¹⁰tercedit
677 2976 789 3061 Neque
810 2977 894 3041 forte
917 2979 973 3040 ant
994 2978 1113 3041 temere
1135 2974 1371 3040 necessitudine

229 3078 293 3141 ista
314 3100 422 3142 sumus
446 3078 601 3161 copulati,
625 3101 686 3142 nec
700 3079 785 3141 ultro
807 3099 858 3139 me
881 3078 1057 3141 amicitiam
1071 3076 1292 3141 Korneliani¹¹
1318 3077 1370 3139 ad-

229 3179 347 3262 petisse
362 3179 510 3242 fateor¹².
540 3178 624 3242 Laus
641 3180 680 3242 ad
695 3200 746 3243 me
762 3178 800 3241 de
815 3178 948 3262 ingenio
971 3178 1038 3242 eius
1052 3178 1118 3240 iam
1139 3178 1369 3262 pervaseram,

230 3301 325 3364 quam
354 3301 462 3344 veram
491 3280 531 3343 ad
565 3302 656 3345 aures
688 3302 775 3345 meas
804 3279 958 3344 accidisse
986 3301 1045 3343 usu
1074 3279 1170 3342 didici
1199 3280 1371 3363 mult-isque

313 3517 331 3554 a
349 3504 381 3553 In
399 3506 524 3569 marpine:
553 3501 641 3568 lusso,
658 3516 714 3555 non
730 3500 814 3567 iussu,
833 3498 899 3569 qnia
915 3499 1061 3570 pluraliter
1078 3498 1122 3554 his
1138 3498 1218 3553 iussis
1236 3499 1311 3553 facit.

289 3702 292 3710 .
316 3660 328 3707 l
348 3652 520 3723 Schopenus:
544 3674 590 3708 nec
606 3655 703 3709 tamen
719 3683 752 3693 -—
770 3660 981 3711 commendarent.

314 3744 330 3791 2
349 3737 453 3793 Codex:
473 3744 648 3795 deducencom.

313 3830 329 3876 3
348 3822 521 3892 Schopcnus:
544 3830 592 3879 sed
608 3825 640 3877 ut
657 3829 705 3878 iere
724 3854 755 3863 -
774 3834 964 3892 expromerent,
982 3829 1132 3877 1111111111.

313 3914 330 3961 4
348 3906 454 3962 Codex:
473 3914 516 3978 qai
534 3949 539 3960 .
560 3952 566 3965 .
585 3949 592 3962 .
613 3948 619 3963 .
639 3952 645 3966 .
663 3929 719 3964 reo.
754 3908 879 3963 Schedae
896 3907 977 3963 Maii:
996 3914 1120 3979 quidquid
1136 3928 1207 3977 erpa.

314 3989 424 4046 scon.
444 3998 621 4048 emistimcesie.
657 3998 835 4059 Heindorfius.

301 4081 329 4128 .6
347 4076 444 4130 Eidem
463 4076 507 4130 cui
523 4077 694 4147 Phrynichus
711 4077 835 4146 Eclogen
852 4076 1007 4147 inscripsit,
1026 4077 1102 4147 quod
1118 4078 1147 4131 in
1165 4076 1370 4132 conseribendis

227 4159 434 4227 prolegomenis
452 4160 488 4216 ad
505 4161 636 4215 Photium
655 4177 716 4215 sero
734 4160 800 4216 vidi.

312 4250 327 4297 ‘l
346 4243 476 4313 Sequitur
494 4244 559 4299 Cod.
579 4264 607 4315 p.
626 4252 684 4313 327,
702 4261 774 4314 quae
792 4246 876 4314 periit
894 4248 1010 4318 excepta
1022 4248 1103 4301 unica
1120 4246 1259 4301 sententia
1277 4248 1305 4300 et
1323 4245 1370 4300 ad-

228 4327 370 4382 notatione
388 4329 417 4381 in
434 4330 568 4399 margine.
605 4329 735 4399 Sequitur
757 4348 784 4399 p.
804 4337 862 4398 326,
886 4348 957 4400 quae
975 4333 1037 4385 tota
1054 4332 1218 4386 oblitterata
1236 4338 1285 4385 est.
1323 4330 1370 4383 Se-

229 4412 323 4478 quitur
341 4411 406 4467 0011.
425 4431 453 4483 p.
473 4420 531 4469 325.

312 4503 328 4552 8
347 4496 492 4568 Supplevit
508 4497 693 4552 Heindorfius.

313 4588 328 4634 9
345 4581 492 4637 Perierunt
509 4582 566 4636 tres
583 4597 680 4637 versus
697 4580 777 4635 initio
794 4599 822 4650 p.
842 4588 899 4637 325.

296 4671 328 4720 10
344 4666 446 4736 Incipit
463 4667 578 4735 quartus
597 4683 702 4721 versus.

297 4755 326 4802 11
346 4750 389 4803 lta
405 4749 501 4825 Maius.
538 4751 650 4805 Amicus
664 4767 679 4805 e
693 4748 787 4803 codice
805 4749 942 4804 enotavitz
961 4755 1035 4803 amici
1046 4791 1137 4803 .....
1150 4749 1260 4803 NELIA
1273 4792 1299 4804 ..
1319 4750 1365 4805 Nl.

297 4839 329 4888 12
345 4834 389 4889 Ita
406 4834 513 4903 Codex,
531 4853 587 4891 non
602 4840 703 4903 furcam
722 4833 846 4903 sequitur
864 4834 922 4901 NA,
940 4834 958 4888 i.
977 4851 1000 4888 e.
1020 4854 1090 4902 nam,
1109 4833 1159 4887 sed
1177 4850 1293 4888 erasum.

298 4924 329 4971 13
347 4917 452 4972 Codex·
480 4931 656 4989 apernnsernt.
