3300 6050
270 865 330 927 124
479 862 516 915 M.
530 861 699 916 CORNELII
716 861 924 915 FRONTONIS
942 862 1198 917 EPISTULARUM

351 1032 428 1112 Quis
458 1052 566 1095 eorum
594 1033 738 1096 oratione
766 1054 823 1095 sua
852 1033 1004 1116 populum
1033 1035 1090 1096 aut
1116 1036 1264 1098 senatum
1293 1035 1406 1115 adfari,

267 1134 336 1217 quis
360 1133 509 1214 edietum,
529 1132 604 1216 'quis
620 1132 790 1216 epistulam
805 1135 938 1197 suismet
952 1133 1057 1197 verbis
1073 1155 1261 1217 componere
1281 1136 1408 1219 potuit?

267 1235 364 1311 Quasi
380 1234 556 1318 phrenitis¹
570 1235 699 1298 morbus
715 1235 830 1318 quibus
844 1236 1019 1318 implicitus
1035 1237 1093 1317 est,
1108 1235 1212 1298 aliena
1225 1237 1408 1318 eloquentes

265 1336 513 1420 imperitabant:
541 1340 577 1399 ut
598 1335 697 1400 tibiae
721 1336 789 1400 sine
812 1359 866 1400 ore
889 1336 993 1400 alieno
1014 1337 1141 1400 mutae²
1164 1342 1286 1402 erantss.

350 1438 524 1521 Imperium
547 1440 654 1500 autem
676 1458 742 1500 non
769 1439 938 1522 potestatis
960 1439 1182 1502 tantummodo
1204 1431 1405 1520 vocabulum,

267 1540 322 1603 sed
344 1540 442 1603 etiam
457 1538 611 1602 orationis
627 1539 707 1602 esth.
739 1537 863 1623 Quippe
880 1539 926 1602 vis
941 1540 1119 1622 imperandi
1138 1541 1276 1604 iubendo
1299 1543 1407 1603 vetan-

267 1642 368 1724 doque
391 1642 566 1719 exercetur.
596 1637 669 1702 Nisi
683 1639 765 1703 bene
786 1640 876 1702 faeta
898 1641 1016 1723 laudet,
1041 1641 1104 1705 nisi
1125 1663 1293 1725 perperam
1316 1643 1407 1724 gesta

266 1741 495 1826 reprehendat,
520 1740 583 1804 nisi
604 1739 751 1804 hortetur
773 1741 813 1803 ad
828 1741 990 1824 virtutem,
1014 1742 1077 1806 nisi
1093 1743 1213 1806 avitiis
1236 1742 1405 1823 deterreat,

266 1865 385 1908 nomen
407 1864 498 1906 suum
522 1842 647 1906 deserat
654 1892 662 1923 ⁷
692 1847 724 1906 et
751 1843 925 1925 imperator
951 1843 1072 1906 frustra
1095 1842 1274 1927 appelletur
1299 1892 1305 1905 .
1333 1893 1338 1905 .
1366 1893 1371 1905 .
1398 1893 1405 1905 .

353 2045 377 2127 13
400 2048 529 2128 partum
552 2045 722 2110 suaderent
744 2022 923 2128 imperium.
955 2046 1050 2110 Falsa
1070 2067 1181 2130 pugna
1204 2046 1326 2108 deferre
1349 2046 1407 2107 mi.

266 2147 360 2210 litare
382 2146 542 2230 {lagidum
564 2147 784 2210 testimonium
809 2197 814 2209 ,
835 2197 841 2209 ,
860 2148 1009 2230 ospitatio
1034 2195 1405 2211 ,,,,,,,,,,,,

269 2250 293 2330 2⁴
317 2286 351 2309 ω
376 2254 503 2331 pparoui
526 2273 589 2310 non
613 2253 717 2312 darem
955 2256 1059 2312 matris
1075 2275 1192 2312 summa
1207 2255 1268 2312 iam
1283 2274 1322 2331 po
1424 2256 1429 2290 ἵ

373 2338 393 2396 d
479 2357 576 2396 emom
600 2386 606 2396 .
632 2385 638 2396 .
665 2385 670 2396 .
694 2347 725 2396 at
751 2339 780 2396 al
955 2348 1049 2398 tostas
1060 2340 1213 2398 destinata
1229 2347 1288 2396 est:
1306 2348 1404 2415 opste-

372 2424 467 2481 latum
490 2432 545 2482 est.
665 2467 668 2472 -
955 2426 1037 2482 tricis
1054 2445 1146 2482 manu
1161 2424 1322 2500 imperium

956 2509 1163 2587 adipiscuntur
1192 2556 1196 2565 .
1222 2551 1405 2567 ........

915 2592 963 2652 O.
990 2589 1078 2652 b...
1101 2601 1149 2652 tus
1173 2637 1304 2650 ......
1321 2592 1407 2668 agria

959 2686 1004 2736 est
1026 2699 1094 2736 cere
1123 2722 1405 2736 ............

343 2559 504 2636 Plerisque
520 2559 611 2616 etiam
627 2554 796 2636 indignus5

372 2637 537 2720 indignus6
553 2650 699 2720 paternus
715 2646 795 2700 loeus

372 2730 528 2806 imperium
544 2746 599 2804 per
613 2747 720 2785 manus

373 2813 496 2871 detulit:
516 2812 591 2870 haut
605 2829 691 2870 secus
706 2825 796 2890 quam

372 2898 464 2976 pullis
486 2896 596 2974 quibus
613 2897 714 2955 omnia
732 2917 823 2973 gene·
981 2941 1048 2990 atus
1064 2949 1159 2989 rerum
1176 2933 1308 2988 Romana

373 2983 413 3041 ris
429 2982 564 3059 insignia
579 2980 616 3041 ab
634 3002 691 3041 ovo
706 2982 767 3041 iarn
957 2953 1022 3076 {jum
1434 3009 1437 3011 ·

372 3069 466 3127 insita
481 3077 560 3140 sunt,
580 3068 688 3126 cristae
705 3075 735 3125 et
756 3068 822 3145 plu·
1047 3060 1304 3076 ””””””
1317 3061 1330 3133 (ἱ
1348 3063 1354 3073 ”
1373 3061 1379 3074 ’
1397 3065 1403 3076 ’

372 3174 421 3213 ma
437 3161 467 3212 et
482 3161 590 3223 cantus
607 3161 637 3211 et
653 3152 789 3229 vigiliae.
956 3152 999 3230 pli
1017 3198 1023 3211 .
1040 3174 1073 3211 oo
1096 3197 1405 3213 .............

371 3238 491 3315 Regum
505 3239 608 3315 pueris
624 3239 655 3295 in
671 3246 758 3295 utero
958 3283 1115 3296 .......
1137 3237 1325 3315 priornemo
1453 3300 1456 3304 ,

351 3470 368 3506 a
386 3457 418 3505 In
436 3458 562 3520 marpine:
582 3450 680 3505 Tibiae
699 3451 756 3503 sine
775 3450 866 3504 alieno
886 3466 932 3504 ore
951 3453 1045 3505 mutae
1064 3452 1152 3505 erant.

350 3536 369 3589 b
388 3541 422 3590 In
439 3542 565 3605 morpioe:
586 3536 743 3604 Imperator
761 3534 850 3589 sciens
868 3552 925 3590 esse
944 3535 1029 3589 debet
1046 3535 1210 3589 litterarum.
1247 3539 1301 3588 Pro
1319 3535 1406 3603 Impe-

267 3623 346 3676 rator
364 3627 456 3674 amicus
474 3626 550 3674 vidit.-
570 3661 681 3674 .....
702 3621 872 3687 aterequea.
891 3663 897 3673 .
915 3625 1000 3687 forte:
1018 3620 1172 3689 imperator
1184 3636 1271 3687 aeque
1289 3636 1340 3673 ao.
1357 3663 1362 3672 .
1377 3662 1403 3673 ..

351 3710 418 3759 oln
435 3712 562 3772 marytre:
588 3704 697 3758 Veteris
725 3704 900 3771 eloquentiae
927 3705 1049 3759 colorem
1067 3703 1264 3758 adumbratum
1283 3702 1406 3757 ostendit

265 3790 319 3845 hae
335 3790 353 3843 1.
364 3807 401 3844 an
420 3833 424 3843 .
446 3832 451 3843 .

269 3913 470 3923 —-—-

351 3984 365 4030 1
384 3976 451 4031 Cod.
469 3994 511 4045 pr.
530 3993 566 4028 m.
584 3980 698 4042 pbretis:
717 3992 770 4030 sec.
790 3992 825 4027 m.
845 3981 984 4043 pbrenetrb.

351 4068 366 4115 2
384 4061 569 4114 Buttmannus
588 4060 683 4114 scribit
700 4065 767 4113 moti.

351 4145 485 4213 3Inoipit
508 4142 574 4198 Ood.
598 4144 724 4197 Ambros.
748 4163 776 4214 p.
794 4150 859 4211 411,
888 4161 971 4211 quam
994 4144 1110 4198 exhibeo
1133 4144 1186 4197 fide
1210 4143 1285 4197 Maii.
1326 4143 1406 4207 Quod

266 4228 336 4283 vidit
362 4231 405 4283 est
430 4230 459 4282 in
486 4229 624 4298 margine:
655 4229 758 4283 amicus
786 4229 856 4282 nihil
882 4229 1007 4283 distinxit
1031 4231 1156 4299 praeter:
1186 4272 1191 4282 .
1213 4271 1218 4281 .
1238 4270 1245 4283 .
1266 4269 1271 4280 .
1291 4226 1379 4282 OEUIC
1402 4278 1404 4282 .

266 4355 272 4369 .
293 4357 298 4367 .
320 4312 472 4367 CAPITAL
493 4355 711 4368 .........
730 4319 821 4367 iussum
833 4325 879 4367 est.
909 4313 1040 4382 Sequitur
1058 4313 1113 4367 alia
1131 4313 1270 4367 sententia
1286 4314 1315 4366 in
1333 4330 1406 4366 mar-

267 4399 332 4469 gine
356 4398 466 4452 mediae
484 4399 618 4468 paginae,
641 4398 670 4451 in
693 4416 748 4466 qua
765 4398 835 4452 haee
852 4399 962 4451 tantum
980 4401 1138 4467 supersunt:
1168 4440 1333 4451 .......
1352 4419 1406 4450 aem
1443 4445 1444 4448 ,

269 4494 432 4537 ..t..eo
452 4526 456 4536 .
476 4504 516 4551 mp
537 4526 541 4537 .
563 4527 568 4537 .
591 4527 596 4537 .
616 4490 767 4551 appellatos.

352 4567 485 4636 41noipit
504 4565 569 4622 Ood.
588 4568 715 4622 Ambros.
734 4587 762 4636 p.
781 4574 843 4633 420,
862 4567 1068 4633 obscurissima,
1087 4568 1121 4621 de
1141 4584 1196 4636 qua
1214 4583 1298 4634 quam
1315 4565 1407 4635 potuit

268 4652 472 4706 accuratissime
490 4652 587 4706 retulit
604 4653 715 4707 amicus.
747 4651 871 4707 Primum
884 4652 958 4706 dabo
977 4652 1051 4720 quod
1068 4652 1098 4705 in
1115 4653 1175 4721 ipso
1187 4652 1266 4705 textu
1278 4651 1405 4719 apparet,

268 4738 377 4791 servata
394 4754 524 4790 versuum
542 4737 742 4791 distributione.

352 4827 367 4875 5
385 4821 438 4875 Pro
456 4827 574 4890 iodipnis.

352 4905 508 4960 tErasum.
