3300 6050
459 870 509 926 AD
527 869 562 925 M.
578 868 769 925 CAESAREM
787 869 834 923 ET
853 868 1005 924 INVICEM
1022 868 1130 923 LIBER
1147 867 1180 923 ll.
1348 870 1390 935 33

246 1044 308 1110 Sed
330 1044 416 1108 enim
444 1043 519 1127 quid
541 1065 591 1106 me
619 1041 697 1106 fiet?
741 1040 791 1105 Ne
819 1042 962 1106 osculum
984 1044 1111 1125 quidem
1133 1042 1233 1105 ullum
1256 1045 1305 1105 est
1327 1041 1389 1106 Ro-

187 1169 190 1173 ’
245 1167 316 1210 mae
338 1145 509 1209 residuum.
548 1145 667 1208 Omnes
695 1165 785 1207 meae
812 1144 962 1207 fortunae
990 1148 1022 1207 et
1049 1166 1121 1207 mea
1143 1144 1250 1207 omnia
1273 1144 1390 1228 gaudia

245 1247 382 1331 Neapoli
411 1248 498 1310 sunt.
543 1245 626 1309 Or0¹
650 1249 693 1328 te,
723 1245 792 1328 quis
821 1246 901 1308 iste²
928 1267 997 1308 mos
1020 1248 1069 1308 est
1090 1245 1192 1328 pridie
1220 1247 1389 1329 magistra-

244 1348 318 1411 tus³
340 1346 507 1411 eiurandi‘?
529 1345 617 1420 Quid
633 1347 717 1429 quod
740 1368 800 1431 ego
821 1350 955 1429 paratus
978 1369 1058 1429 sum,
1085 1347 1161 1409 dum
1184 1350 1259 1410 ante
1281 1347 1389 1430 plures

246 1450 312 1513 dies
336 1449 464 1531 eiurem,
488 1448 673 1530 perplures
697 1448 789 1511 deos⁴
805 1447 935 1510 iurare?
978 1447 1061 1522 Quid
1083 1451 1132 1511 est
1156 1451 1272 1530 autem,
1307 1449 1390 1531 quod

245 1550 407 1615 iuraturus
434 1571 505 1614 sum
537 1570 588 1612 me
618 1549 785 1613 consulatu
819 1548 931 1612 abire?
974 1549 1046 1633 Ego
1080 1571 1155 1613 vero
1184 1549 1281 1612 etiam
1311 1549 1391 1614 illud

98 1685 104 1699 ¹
196 1716 205 1725 ,
244 1652 401 1734 imovero,
429 1672 480 1714 me
506 1651 582 1714 olim
606 1649 773 1714 consulatu
801 1649 889 1712 abire
919 1672 1049 1734 cupere,
1084 1654 1121 1714 ut
1148 1651 1194 1714 M.
1224 1651 1390 1714 Aurelium

247 1752 450 1836 complectar.

404 1988 472 2054 IX.
503 1989 667 2075 (Consuli
689 1993 727 2055 ct
750 1990 959 2074 Magistrol⁵
981 1990 1057 2057 llco
1080 1990 1236 2073 optimo.

330 2141 402 2204 Hoc
428 2163 506 2205 sane
534 2146 714 2226 supererat,
753 2146 789 2205 ut
822 2164 917 2225 super
951 2147 1072 2226 cetera,
1111 2165 1191 2226 quae
1219 2137 1392 2228 insigniter

246 2265 323 2328 erga
345 2264 405 2307 nos
425 2243 517 2326 facie,
541 2245 639 2308 etiam
662 2244 808 2308 Gratiam
830 2245 973 2307 mitteres
995 2244 1058 2308 huc
1082 2294 1089 2307 .
1115 2294 1122 2308 .
1149 2295 1155 2308 .
1182 2245 1211 2307 ,l

420 2481 467 2546 X.
498 2476 659 2566 (Consull
681 2484 719 2547 et
741 2482 913 2564 Magistro
935 2482 1011 2548 lllco
1034 2481 1205 2566 Optimo).

334 2683 473 2697 .....
484 2634 507 2720 ll
538 2634 705 2698 adfinitate
733 2635 904 2717 sociatum,
934 2656 1038 2719 neque
1064 2635 1185 2698 tutelae
1212 2635 1398 2699 subditumt'

247 2737 412 2818 praeterea
434 2734 470 2798 in
485 2757 522 2798 ea
536 2736 668 2798 fortuna
684 2737 904 2819 constitutum,
928 2737 1051 2820 inqua,
1074 2740 1111 2799 ut
1125 2735 1163 2811 Q.
1180 2736 1305 2800 Ennius
1329 2738 1390 2811 ait:

164 2941 176 2948 ἡ
291 2856 397 2916 Omnes
419 2859 495 2917 dunt
515 2860 672 2918 consilium
695 2876 804 2919 vanum
828 2861 928 2934 adque
950 2861 993 2919 ud
1013 2862 1196 2934 voluptatem
1219 2863 1338 2920 omniu:

331 2970 414 3036 Item
450 2972 532 3056 quod
565 2971 698 3036 Plautus
741 2973 891 3058 egregie⁸
927 2974 962 3038 in
1000 2973 1114 3039 Colace
1151 2996 1246 3057 super
1279 2975 1391 3039 eadem

246 3093 281 3135 re
303 3072 363 3136 ait:

376 3179 434 3249 Oui
454 3182 529 3239 duta
549 3182 610 3252 fide
628 3185 752 3253 firmata
772 3184 914 3253 fidentem
932 3181 1113 3255 fefellerint,

375 3279 503 3368 Subdola}
521 3284 754 3354 subseotutores,
779 3286 848 3357 rcpi
868 3285 922 3358 qui
940 3290 1009 3343 suut
1026 3286 1174 3358 proximi,

376 3381 434 3451 Oui
454 3385 542 3441 aliter
564 3387 633 3457 repr·
653 3385 876 3457 dicacitatum,
902 3386 995 3443 aliter
1017 3388 1047 3445 iu
1070 3388 1171 3445 animo
1193 3386 1311 3445 habent.

332 3493 422 3558 Haec
444 3496 533 3559 enim
552 3496 628 3559 olim
655 3498 856 3561 incommoda
878 3499 1007 3582 regibus
1036 3499 1111 3562 solis
1134 3500 1203 3562 fien'
1226 3499 1388 3563 solebant:

249 3598 283 3658 at
315 3596 400 3659 enim
428 3618 515 3660 nunc
543 3598 676 3661 adfatim
710 3603 800 3683 sunt,
838 3601 891 3683 qui
919 3602 971 3662 etl
994 3622 1105 3685 regum
1140 3600 1231 3683 filiis,
1267 3604 1303 3663 ut
1327 3601 1389 3664 Ne-

247 3698 350 3761 vius¹⁰
374 3697 435 3761 ait:

375 3820 502 3895 Linque
519 3820 649 3893 faveant
670 3826 770 3898 adque
791 3826 938 3884 adnotent
959 3821 1044 3884 uut¹¹
1068 3826 1266 3886 subserviant.

247 3986 448 3997 ——-—..-

335 4075 347 4123 1
367 4068 433 4124 Cod.
452 4089 494 4139 pr.
514 4088 550 4123 m.
570 4083 637 4126 orto.

235 4223 238 4230 Ι
333 4152 433 4208 acod.
452 4172 494 4223 pr.
514 4172 551 4207 m.
571 4162 593 4209 ie
611 4162 669 4213 iste.

242 4231 245 4238 ¹
333 4245 349 4293 3
367 4237 443 4292 Corr.
462 4238 492 4292 in
510 4237 623 4293 Codice:
641 4247 819 4307 magistratum.

250 4328 252 4334 '
331 4321 433 4376 4Cod.
451 4341 493 4391 pr.
512 4341 548 4377 m.
569 4330 632 4378 dies.

333 4413 348 4461 ὅ
365 4406 490 4461 Duorum
506 4425 636 4462 versuum
655 4410 775 4478 spatium
792 4410 821 4463 in
840 4410 948 4465 Codice.

333 4496 349 4543 6
366 4491 472 4545 Desunt
487 4492 608 4561 paginae
627 4493 741 4560 aliquot.

334 4581 347 4628 7
366 4575 467 4644 Incipit
486 4574 552 4629 Cod.
571 4576 816 4646 Ambros.p.102.

333 4665 349 4713 8
368 4658 434 4713 Cod.
452 4678 494 4728 pr.
514 4678 550 4713 m.
569 4667 687 4729 dupletur
706 4669 831 4730 eprepiae.

333 4741 433 4797 cuod.
452 4762 494 4813 pr.
514 4762 549 4797 m.
570 4756 645 4800 etet.

318 4833 349 4882 10
366 4827 471 4881 Dubito
490 4828 524 4882 de
541 4829 595 4883 hoc
612 4830 730 4883 nomine.

319 4918 348 4966 11
367 4912 469 4965 Maius:
489 4924 520 4967 ct.

285 5031 386 5071 FRON'P.
399 5034 433 5069 ΕΤ
446 5034 548 5072 AUREL.
563 5036 652 5077 ΕΡΙΒΤ,
