3300 6050
273 879 337 942 210
612 878 647 930 Μ.
669 877 842 930 CORNELII
859 877 1065 932 FRONTCNIS

273 1049 348 1130 imp.
373 1047 603 1110 existimandus
626 1048 678 1132 sit,
703 1048 737 1111 in
761 1049 912 1132 ambiguo
935 1049 1098 1132 equidem¹
1123 1069 1223 1131 ponc,
1247 1049 1310 1112 nisi
1328 1050 1418 1132 ⁸quod

274 1149 369 1212 armis
398 1150 494 1213 etiam
517 1149 690 1234 Spartacus
719 1152 751 1213 et
776 1149 943 1214 Viriathus
967 1151 1167 1234 aliquantum
1189 1155 1337 1236 potuere,
1361 1175 1418 1236 pa-

274 1251 317 1315 cis
347 1251 469 1315 artibus
498 1254 552 1315 vix
581 1253 746 1336 quisquam
770 1252 910 1316 Traiano
933 1253 972 1315 ad
998 1253 1167 1336 populum,
1198 1255 1224 1316 si
1247 1255 1301 1337 qni
1324 1254 1417 1318 adae-

272 1374 342 1436 que,
368 1355 528 1436 acceptior
549 1354 668 1418 extitit.
713 1353 788 1437 lpsa
815 1353 896 1418 haec
919 1376 991 1418 cnm
1013 1355 1064 1438 pri
1089 1405 1095 1418 .
1122 1405 1128 1418 .
1155 1405 1162 1418 .
1187 1355 1214 1418 ‚²
1243 1377 1280 1419 ac
1308 1377 1418 1419 nonne

271 1455 334 1519 illis
357 1456 646 1538 optrectationibus
668 1455 755 1519 faces
779 1455 878 1519 sunt?
899 1455 949 1519 Ex
972 1479 1096 1520 summa
1119 1455 1240 1521 civilis3
1263 1457 1418 1520 scientiae

272 1557 397 1621 ratione
420 1560 548 1641 sumpta
570 1557 730 1640 videntur,
754 1580 794 1621 ne
810 1557 1004 1621 histrionum
1026 1559 1155 1641 quidem
1177 1561 1418 1642 ceterorumque
1449 1643 1452 1647 y

272 1681 406 1724 scaenae
429 1663 485 1723 aut
508 1660 584 1724 circi
614 1662 669 1722 aut
694 1659 835 1722 harenae
858 1661 1017 1724 artificum
1046 1660 1271 1744 indiligentem
1299 1660 1419 1743 princi-

271 1783 345 1844 pem
367 1761 476 1839 fuisse,
503 1761 613 1845 utqui
643 1761 739 1824 sciret
760 1761 914 1845 populum
936 1761 1118 1825 Romanum
1146 1763 1268 1826 duabus
1297 1762 1419 1845 praeci-

258 1885 334 1946 ‚pue
356 1863 461 1945 rebus,
486 1884 616 1926 annona
638 1870 671 1926 et
689 1862 891 1946 spectaculis,
916 1865 1056 1927 tenerist:
1079 1863 1248 1946 imperium
1271 1885 1336 1927 non
1359 1863 1418 1926 mi·
1487 1881 1494 1895 ·

272 1987 332 2028 nus
353 1965 484 2029 ludicris
499 1986 594 2047 quarn
610 1965 700 2028 seriis
716 1965 861 2047 probari:
884 1966 1003 2028 maiore
1019 1965 1135 2028 damno
1153 1966 1246 2047 seria,
1271 1965 1418 2049 graviore

272 2065 394 2130 invidia
416 2066 539 2130 ludicra
555 2067 700 2151 neglegi:
724 2067 830 2130 minus
846 2067 972 2130 acribus
988 2067 1125 2130 stimulis
1143 2067 1308 2150 congiaria
1322 2089 1419 2150 quarn

272 2168 455 2251 spectacula
481 2168 588 2251 expeti
599 2170 627 2232 ¹¹:
657 2169 871 2252 congiaril⁴is
899 2169 1145 2232 frumentariam
1170 2169 1263 2232 modo
1290 2168 1419 2251 plebem

176 2283 180 2293 ·
273 2270 464 2354 singillatim
478 2270 602 2353 placari
628 2292 666 2334 ac
688 2270 892 2352 nominatim,
917 2270 1109 2353 spectaculis
1132 2271 1317 2334 universum
1341 2320 1348 2333 .
1375 2319 1382 2332 .
1410 2319 1417 2333 .

272 2371 387 2446 Quod.
414 2421 421 2435 .
447 2422 453 2435 .
477 2393 510 2435 se
534 2375 729 2455 oporteat..
751 2371 898 2456 Namque
920 2374 957 2434 nt
977 2372 1120 2436 famem.
1147 2423 1153 2436 .
1180 2423 1186 2436 .
1211 2372 1316 2456 plane.
1354 2371 1419 2435 Ne-

272 2478 411 2557 ptunum
432 2473 631 2557 Martemque
654 2471 840 2560 molelstias]
865 2473 937 2536 illas
965 2473 1026 2536 sibi
1050 2523 1057 2537 .
1084 2524 1091 2538 .
1115 2477 1165 2537 est
1193 2477 1324 2538 arceant
1350 2495 1419 2537 non

275 2625 282 2638 .
308 2625 315 2638 .
347 2575 451 2658 magis
492 2578 548 2638 ant
578 2625 584 2638 .
611 2626 618 2638 .
648 2576 715 2638 avis
744 2573 876 2662 [votum]
903 2625 910 2638 .
936 2624 943 2638 .
967 2596 1062 2658 quam
1088 2576 1190 2640 ludeis
1223 2575 1420 2658 spectaculo-

273 2697 405 2759 rumque
430 2677 648 2740 caerimonieis
679 2677 829 2759 placarei.
875 2676 914 2739 Ei
942 2676 1008 2739 rei⁵
1040 2699 1174 2760 pompas
1203 2680 1235 2740 ct
1263 2680 1420 2759 carpenta

210 2766 216 2779 ’
274 2780 306 2840 et
334 2781 444 2840 tensas
474 2781 506 2840 et
533 2778 679 2841 exsuvias
710 2800 728 2840 a
757 2778 930 2841 maioribus
959 2778 1098 2861 dicatas,
1128 2778 1315 2862 elephantos
1411 2827 1418 2842 .

273 2879 408 2962 populus
437 2877 602 2942 Romanus
630 2879 771 2943 usussit
799 2878 1009 2962 spectaculeis
1039 2879 1181 2967 de[scrti]
1214 2931 1221 2944 .
1247 2930 1253 2942 .
1280 2931 1285 2943 .
1312 2930 1319 2942 .
1344 2902 1419 2943 con-

274 2981 373 3064 strepi
396 2982 453 3044 aut
473 2979 595 3064 linguis
616 2980 762 3065 pluribus
784 2977 958 3068 omina[ri].
983 2979 1072 3046 Haec
1088 3003 1107 3045 a
1121 3003 1172 3047 nie
1187 2982 1383 3047 refutanda.
1410 3033 1417 3045 .

275 3086 360 3146 sunt.
393 3082 540 3147 Ceterum
556 3134 562 3147 .
579 3134 585 3147 .
601 3082 736 3146 ,Lucius
750 3134 756 3147 .
772 3134 778 3146 .
792 3084 826 3146 in
843 3082 898 3146 lo.
925 3132 932 3146 .
956 3082 1056 3166 quid.
1074 3132 1081 3146 .
1099 3083 1216 3148 litteris
1238 3085 1355 3147 diserte
1379 3085 1420 3147 ad

275 3184 573 3268 significandum..
599 3186 797 3268 compositis,
821 3188 858 3247 ut
879 3184 931 3267 qni
954 3184 1138 3248 facundiam
1158 3186 1294 3268 inpenso
1315 3185 1421 3248 studio

276 3336 1121 3352 ...........................
1147 3287 1369 3372 comllparata
1392 3288 1419 3348 si

275 3389 346 3472 quis
369 3389 466 3473 leget,
491 3410 547 3452 scu
568 3410 706 3471 proavus
722 3410 777 3453 seu
800 3410 958 3472 pronepos
981 3389 1099 3451 virtute
1121 3392 1286 3471 praestare
1300 3388 1420 3451 videbi·

213 3552 220 3558 .
273 3493 337 3572 tur,
363 3491 610 3573 comparationis
634 3491 761 3574 quidem
784 3490 955 3554 discrimen
977 3489 1011 3553 in
1034 3490 1327 3554 familiaenomine
1349 3512 1420 3572 per-

274 3592 427 3655 manebit.

614 3684 688 3756 Lepi
709 3682 878 3741 Emendavi
898 3684 952 3755 qui
971 3698 1076 3757 supro.

720 3781 968 3843 FRONTONIS

645 3862 830 3917 PRINCIPIA
846 3861 1051 3917 HISTORIAE.

730 3954 740 3976 w
967 3948 979 3987 π

278 4125 289 4130 -
308 4047 448 4102 Laenas
466 4048 555 4101 FUMI
572 4048 619 4101 ΕΤ
632 3951 1077 4102 ΡΠΒἾἙΕΙΙίἱῼξὲἓΞΙξΑΗΒΕΒ
1090 4048 1383 4103 NEGLECENTIAE.

361 4169 377 4205 a
396 4156 428 4203 In
445 4155 572 4218 marpine:
595 4150 711 4203 Annona
730 4151 758 4203 et
775 4151 861 4219 spect.
880 4169 908 4219 p.
927 4168 949 4203 r.
969 4150 1087 4204 tenetur.

360 4236 377 4289 b
398 4240 430 4288 In
452 4240 579 4303 niarpine:
600 4234 706 4287 Maiore
724 4234 826 4288 damno
844 4266 877 4273 -
896 4235 996 4303 expeti.

362 4345 373 4390 1
393 4338 438 4391 Ita
456 4336 556 4401 Codex,
575 4336 650 4403 quod
668 4335 824 4390 coniecerat
841 4336 1023 4390 Heindorfius.
1049 4337 1125 4390 Idem
1138 4336 1290 4390 rectissime
1308 4337 1421 4406 scripsit

276 4429 299 4475 si
315 4429 358 4491 qui
375 4429 490 4491 adaeque
508 4438 559 4489 pro
579 4419 686 4475 Codicis
704 4420 823 4475 lectione
843 4426 898 4483 nisi,
917 4420 970 4473 vid.
992 4420 1139 4490 Hauptius.

361 4514 376 4560 2
394 4507 463 4576 Legi
480 4506 622 4575 nequeunt
640 4507 772 4573 quattuor
789 4505 909 4560 litterae.

362 4599 378 4647 3
397 4591 501 4646 Codex:
520 4596 594 4645 civili.

360 4682 377 4729 4
394 4677 495 4746 Incipit
512 4675 579 4730 Cod.
598 4694 625 4744 p.
644 4681 702 4744 259,
720 4675 748 4728 in
768 4692 823 4743 qua
840 4692 930 4744 pauca
947 4677 1058 4730 tantum
1074 4676 1131 4745 legi
1148 4676 1308 4744 potuerunt.

360 4763 448 4815 5Pro
467 4767 534 4815 ideo.
570 4759 610 4814 Cf.
634 4761 724 4815 Plant.
749 4759 852 4814 Cistell.
872 4760 893 4812 Ι.
913 4767 937 4815 3.
957 4766 998 4815 36.
1036 4765 1130 4815 Maius.

301 4876 306 4885 ι
361 4853 377 4901 6
395 4844 525 4913 Sequitur
543 4843 609 4899 Cod.
628 4863 655 4914 p.
675 4850 733 4911 250,
751 4860 822 4912 qnae
840 4844 897 4911 legi
915 4845 1019 4913 nequit.
1056 4846 1156 4914 incipit
1174 4845 1240 4899 Cod.
1260 4862 1287 4914 p.
1307 4850 1365 4898 249.

361 4936 375 4983 7
394 4929 518 4997 Utroque
536 4930 597 4983 loco
617 4928 753 4981 omittitur
770 4928 799 4980 in
812 4926 913 4981 Codice
930 4945 1101 4997 praenomen
1120 4934 1214 4987 Marci.
