3300 6050
243 948 246 953 .
270 893 304 938 Ἦ
700 871 981 926 raouueouuun.

268 1047 372 1111 locum
395 1045 550 1127 tenuisse,
582 1044 717 1107 eundem
745 1045 783 1108 de
805 1044 932 1108 rhetore
956 1045 1117 1108 consulem
1140 1066 1209 1107 esse
1231 1044 1409 1125 suffectum,

269 1147 405 1229 denique
431 1146 475 1208 M.
505 1145 707 1209 Antoninum
735 1145 965 1228 Philosophum
998 1168 1034 1209 eo
1062 1146 1218 1229 magistro
1248 1148 1279 1207 et
1308 1145 1410 1207 amico

269 1248 368 1311 fuisse
397 1269 489 1310 usum
511 1246 745 1330 plurimumque
767 1247 933 1330 tribuisse,
963 1249 1010 1311 ita
1032 1251 1067 1310 ut
1089 1250 1229 1310 statuam
1251 1248 1280 1310 ei
1301 1248 1337 1309 in
1364 1267 1411 1308 se-

179 1416 206 1432 ..
269 1353 350 1414 natu
371 1353 506 1432 peteret.
551 1350 700 1413 Hominis
722 1350 845 1412 famam
873 1350 1023 1434 augebat,
1048 1349 1131 1432 quod
1152 1349 1188 1411 in
1211 1348 1411 1413 Commenta-

269 1451 326 1515 riis
348 1449 560 1534 Philosophus
590 1451 791 1534 praedicaret
820 1473 854 1514 se
883 1474 901 1514 a
923 1451 1085 1514 Frontone
1113 1451 1261 1514 didicisse
1283 1451 1320 1514 τὸ
1343 1451 1412 1514 ἑπι-

270 1558 376 1632 (τῆεαι
399 1553 451 1618 οἵα
473 1554 492 1631 ἡ
515 1556 685 1634 τυραννικὴ
710 1556 859 1634 βαεκανία
881 1555 931 1618 καὶ
952 1553 1091 1618 ποικιλία
1107 1554 1156 1617 καὶ
1178 1553 1340 1631 ὑπόκριει(
1364 1553 1413 1615 καὶ

272 1655 321 1720 ὅτι
337 1655 383 1720 ὡ(
398 1655 515 1720 ἐπίπαν
532 1657 562 1720 οἱ
578 1657 769 1735 καλούμενοι
793 1655 883 1720 οὗτοι
898 1657 979 1735 παρ’
994 1656 1067 1734 ἡμῖν
1091 1654 1280 1733 Εὐπατρίδαι
1303 1654 1413 1731 deiop-

271 1757 400 1836 γότεροί
422 1777 492 1821 πω(
515 1756 597 1822 εἰείν.
639 1756 743 1820 Notae
766 1777 890 1839 quoque
913 1759 1007 1819 erant
1028 1756 1167 1839 quinque
1191 1754 1331 1818 eiusdem
1354 1753 1413 1815 dis-

272 1858 456 1942 putationes
479 1858 563 1940 apud
586 1857 725 1921 Gellium
747 1858 785 1920 de
807 1858 976 1921 verborum
997 1861 1166 1940 potestate.
1210 1856 1293 1931 Quin
1317 1855 1414 1918 etiam

273 1962 401 2042 praeter
427 1980 546 2042 paucos
574 1959 728 2043 quosdam
762 1958 848 2023 locos
882 1959 1041 2023 breviores
1069 1960 1153 2041 apud
1181 1956 1414 2023 Grammaticos
1482 2003 1485 2007 A

272 2061 406 2125 Latinos
435 2061 626 2124 laudabatur
655 2061 783 2144 insigne
805 2061 1025 2145 fragmentum
1049 2063 1133 2144 apud
1155 2059 1334 2124 Minucium
1356 2057 1414 2120 Fe-

272 2163 382 2246 licem,
406 2163 442 2225 in
464 2185 526 2245 quo
548 2165 656 2226 orator
676 2162 876 2227 Christianos
898 2164 1101 2227 acerbissime
1117 2163 1271 2245 exagitat.
1316 2159 1415 2222 Nota·

273 2265 369 2327 batur
390 2266 556 2347 praeterea
584 2264 712 2327 dicendi
740 2286 842 2348 genus
866 2288 885 2327 a
906 2265 1052 2347 plurimis
1069 2264 1280 2337 uehementer
1301 2262 1415 2345 proba-

273 2369 357 2448 tum,
382 2364 467 2428 inter
489 2387 567 2449 quos
591 2365 646 2429 alii
668 2366 704 2429 in
719 2365 880 2430 Frontone
903 2388 1053 2450 pompam
1075 2366 1267 2447 laudabant,
1292 2363 1414 2427 Macro-

273 2468 344 2530 bius
367 2506 409 2515 —
431 2468 514 2550 quod
536 2467 662 2530 mireris
685 2506 728 2515 -
750 2468 939 2531 siccitatem.

254 2593 259 2607 ‘
359 2567 449 2643 Quod
470 2569 571 2651 igitur
593 2569 653 2632 viri
676 2569 762 2632 docti
789 2571 1050 2652 suspicabantur,
1085 2568 1314 2652 quodammodo
1345 2588 1417 2629 con-

275 2672 438 2735 firmatum
467 2670 507 2733 iri
534 2671 618 2752 quod
645 2669 821 2734 Eumenius
849 2672 935 2735 dicat
956 2674 991 2735 in
1013 2671 1213 2755 Panegyrico
1236 2669 1418 2734 Constantii

275 2772 472 2835 Frontonem
494 2771 660 2835 Romanae
682 2773 883 2857 eloquentiae
910 2795 976 2837 non
1004 2774 1178 2838 secundum
1207 2793 1274 2835 esse
1297 2771 1352 2834 sed
1375 2769 1418 2832 al-

275 2877 380 2936 terum
403 2873 508 2956 decus,
532 2874 565 2936 id
586 2897 684 2957 quam
705 2873 822 2937 falsum
845 2878 938 2957 esset,
962 2880 1035 2957 post
1058 2875 1136 2938 Maii
1160 2874 1332 2937 editionem
1354 2893 1418 2933 orn-

276 2974 372 3039 nibus
395 2974 553 3058 apparuit.
599 2974 732 3039 Praeter
753 2975 886 3060 Italum,
910 2977 964 3060 qui
986 2978 1154 3041 inventum
1176 2997 1269 3038 suunr
1291 2994 1418 3037 exoscu-

277 3077 418 3159 labatur,
448 3100 542 3141 nemo
569 3078 632 3142 fuit
659 3080 737 3162 quin
766 3082 956 3162 agnosceret
982 3080 1018 3142 in
1045 3079 1207 3142 Frontone
1237 3080 1419 3160 corruptam

279 3179 494 3263 eloquentiam
522 3183 554 3243 et
583 3181 618 3243 iu
642 3180 826 3263 aequalibus
859 3185 1043 3263 corruptum
1076 3181 1239 3244 iudicium.
1285 3180 1419 3242 Fronto-

278 3282 395 3346 nianae
418 3281 571 3365 epistolae
593 3283 724 3346 minime
748 3285 926 3366 comparari
948 3286 1083 3367 possunt
1106 3305 1177 3345 cum
1198 3282 1420 3359 Plinianarurn

280 3384 488 3468 praestantia.
534 3383 630 3447 Haud
653 3384 827 3448 difficulter
853 3384 1054 3448 intellectum
1076 3387 1139 3466 est,
1170 3406 1226 3447 cur
1253 3382 1296 3446 M.
1319 3383 1420 3445 Aure-

278 3486 340 3548 lius
380 3488 485 3549 cetera
524 3486 652 3568 quidem
687 3488 780 3569 grato
816 3487 922 3548 animo
950 3488 1120 3567 memoret,
1162 3507 1242 3569 quae
1265 3480 1420 3547 Frontoni

281 3587 405 3668 debeat,
430 3587 484 3648 sed
506 3588 613 3649 taceat
635 3587 673 3649 de
697 3590 765 3650 arte
788 3587 924 3650 dicendi.
967 3587 1081 3670 Itaque
1104 3608 1145 3649 ne
1167 3585 1271 3649 Maius
1293 3586 1421 3668 quidem

280 3686 457 3749 Niebuhrio
480 3686 608 3769 obloqui
622 3709 725 3750 *ausus
748 3691 808 3770 est,
832 3710 903 3752 cum
925 3689 972 3751 ita
994 3688 1130 3770 diceret:
1154 3688 1228 3770 „lta
1251 3687 1421 3750 sententiis

282 3792 314 3852 et
336 3788 429 3851 rebus
451 3790 593 3852 nondum
615 3790 700 3853 notis
723 3813 869 3873 vacuum,
893 3791 940 3853 ita
954 3790 1056 3853 levem
1072 3792 1104 3852 et
1118 3789 1318 3870 indisertum,
1343 3788 1422 3871 quin

282 3911 508 3972 saepenumero
525 3891 640 3972 ,putide
668 3891 859 3955 delirantem
885 3892 921 3954 in
943 3891 994 3954 his
1023 3891 1150 3974 quidem
1173 3891 1300 3973 scriptis
1323 3890 1422 3953 Fron-

282 3997 391 4055 tonem
412 3991 602 4076 invenimus
627 3997 674 4076 ut,
699 4015 771 4057 curn
794 4016 968 4076 sanequam
989 3993 1082 4055 multi
1104 3997 1314 4057 numerentur
1336 3993 1422 4055 inter

283 4092 415 4156 Latinos
437 4114 503 4156 non
525 4095 638 4176 optimi
660 4095 842 4178 scriptores,
866 4094 919 4158 hic
942 4094 1019 4157 adeo
1041 4095 1113 4157 vilis
1135 4094 1177 4157 sit
1199 4097 1235 4157 ut
1258 4117 1330 4157 cum
1345 4092 1422 4157 Silio

282 4194 396 4258 Italico
418 4196 579 4258 numerari
602 4197 731 4259 debeat:
753 4196 839 4259 inter
855 4196 993 4259 Graecos
1015 4218 1090 4259 uero
1113 4196 1152 4259 ab
1168 4197 1237 4278 ipso
1252 4195 1422 4259 Polemone

285 4300 341 4360 aut
361 4295 506 4359 Himerio
527 4298 679 4360 facundia
702 4301 734 4360 et
756 4319 907 4360 sensuum
928 4298 1097 4362 nobilitate
1121 4299 1302 4362 vincatu1·.“

370 4396 431 4463 Sed
467 4420 563 4480 quum
601 4398 636 4461 in
669 4400 808 4463 editione
841 4400 1071 4465 Mediolanensi
1102 4401 1210 4463 omnia
1242 4398 1423 4463 incredibili

286 4500 428 4564 socordia
451 4503 484 4563 et
504 4499 635 4563 levitate
659 4500 883 4566 administrata
905 4506 1022 4585 essent,
1045 4525 1119 4567 mox
1141 4502 1243 4566 exorti
1258 4504 1335 4586 sunt
1349 4500 1424 4563 Nie-

285 4600 417 4665 buhrius
441 4624 513 4666 cum
533 4601 732 4666 Buttmanno
755 4606 787 4667 et
801 4604 996 4687 Heindorfio,
1021 4605 1076 4688 qui
1097 4605 1244 4668 fecerunt
1265 4604 1348 4686 quod
1370 4625 1424 4685 po-

286 4707 433 4786 tuerunt,
466 4707 503 4767 ut
530 4705 701 4768 Frontonis
734 4707 918 4791 fragmenta
949 4708 1014 4790 legi
1048 4710 1080 4769 et
1108 4706 1247 4790 intelligi
1281 4708 1422 4789 possent.

287 4804 377 4879 Quod
408 4809 504 4888 caput
530 4807 574 4870 rei
598 4812 682 4891 erat,
713 4810 787 4892 quia
814 4808 918 4871 Maius
941 4808 1087 4890 rescripti
1111 4807 1227 4871 codicis
1254 4808 1331 4870 folia
1348 4824 1424 4870 ‘non

288 4906 366 4971 satis
387 4911 473 4972 recte
496 4909 660 4974 ordinarat
682 4914 714 4974 et
736 4910 837 4973 multa
864 4912 984 4973 temere
1012 4909 1174 4990 turbarat,
1203 4910 1363 4993 sagaciter
1392 4911 1425 4971 et
