3300 6050
251 884 273 946 4
457 880 495 932 M.
515 878 684 932 CORNELII
701 876 909 930 FRONTCNIS
927 875 1182 931 EPISTULARUM

251 1056 378 1133 tenere,
408 1051 512 1133 ipsum
541 1050 677 1133 denique
704 1048 795 1112 illum
823 1048 967 1131 pedem¹,
999 1050 1156 1131 quantum
1183 1048 1252 1111 sine
1273 1048 1393 1111 11110111-

251 1154 344 1216 modo
365 1152 434 1215 fieri
457 1152 592 1234 ²possit,
623 1151 801 1214 adtrectare
830 1150 965 1232 sensim,
995 1151 1029 1214 in
1056 1150 1172 1213 balneo
1193 1149 1316 1232 fovere,
1345 1150 1393 1213 in-

251 1254 411 1339 gredienti
432 1276 564 1317 manum
586 1253 740 1316 subicere.
778 1252 822 1314 Et
844 1255 880 1314 tu
902 1274 952 1315 me
976 1253 1113 1316 amicum
1128 1272 1233 1333 vocae,
1257 1251 1393 1334 quinon

252 1356 396 1438 abruptis
420 1354 592 1417 3omnibus
621 1376 715 1417 eursu
744 1354 869 1417 concito
896 1353 1048 1436 pervolo?
1091 1353 1163 1437 Ego
1189 1374 1264 1416 vero
1289 1353 1393 1435 magis

251 1480 322 1521 sum
345 1457 475 1520 claudus
497 1477 592 1539 quom
613 1456 677 1519 ista
698 1477 769 1518 mea
787 1454 976 1519 verecundia
991 1456 1088 1518 immo
1103 1455 1246 1539 pigritia.
1282 1454 1392 1517 Ome!

251 1559 327 1642 quid
349 1559 469 1621 dicam!
503 1560 610 1620 metuo
639 1557 807 1640 quicquam
837 1556 957 1638 dicere,
988 1557 1071 1639 quod
1099 1559 1135 1619 tu
1163 1557 1272 1618 audire
1295 1555 1393 1619 nolis:

252 1682 328 1723 nam
350 1662 386 1721 tu
414 1659 540 1742 quidem
568 1680 619 1720 me
646 1659 733 1722 omni
761 1658 854 1721 modo
884 1658 1011 1721 conisus
1040 1679 1072 1720 es
1101 1657 1296 1722 iocularibus
1323 1657 1393 1720 istis

251 1763 316 1824 tuis
340 1782 377 1823 ac
404 1759 606 1842 lepidissimis
634 1760 739 1823 verbis
762 1782 781 1823 a
804 1781 879 1824 cura
902 1780 1064 1842 amovere,
1103 1763 1198 1841 atque
1226 1762 1259 1822 te
1286 1759 1394 1823 omnia

252 1864 315 1926 ista
337 1883 437 1945 aequo
460 1862 566 1925 animo
589 1861 614 1900 ³⁴
628 1861 750 1944 perpeti
774 1882 867 1944 posse
890 1861 1066 1924 ostendere.
1096 1861 1143 1923 At
1165 1881 1225 1944 ego
1247 1860 1302 1923 ubi
1326 1861 1392 1923 ani·

252 1986 322 2027 mus
345 1985 433 2027 meus
456 1964 508 2045 sit,
531 1962 654 2027 nescio:
687 1963 749 2026 nisi
772 1962 833 2026 hoc
860 1963 943 2045 scio,
971 1962 1046 2025 illo⁵
1069 1962 1177 2025 nescio
1205 1984 1266 2045 qno
1294 1962 1334 2024 ad
1360 1964 1394 2024 te

254 2065 432 2148 profectum
462 2086 533 2126 eum
562 2085 640 2126 esse.
698 2062 796 2145 Cura,
834 2065 985 2126 miserere
994 2064 1016 2145 ⁶,
1054 2063 1140 2126 omni
1167 2064 1392 2146 temperantia,

255 2167 457 2250 apstinentia·
475 2187 602 2228 omnem
617 2166 713 2228 istam
729 2166 788 2229 tibi
803 2187 861 2248 pro
876 2169 933 2228 tua
947 2165 1066 2229 virtute
1081 2164 1291 2247 tolerandam,
1315 2165 1395 2227 mihi

254 2290 328 2331 vero
373 2268 581 2350 asperrimam
626 2267 917 2350 nequissimamque
964 2266 1181 2329 valetudinem
1224 2266 1392 2348 depellere.

254 2369 297 2432 111
319 2370 365 2433 ⁷sr'
386 2369 426 2431 ad
448 2390 546 2452 aquas
568 2367 778 2450 proficisceris
806 2371 839 2431 et
859 2368 987 2451 quando
1009 2370 1042 2430 et
1061 2389 1149 2430 nunc
1175 2370 1212 2430 ut
1233 2368 1394 2431 commode

254 2493 348 2554 agaS,
384 2471 463 2550 cito,
487 2491 558 2551 oro,
582 2469 743 2551 perscribe
765 2469 860 2550 mihi,
885 2472 917 2531 et
938 2472 1079 2532 mentem
1101 2490 1205 2531 meam
1226 2470 1261 2533 in
1283 2473 1394 2552 pectus

253 2593 361 2635 meum
389 2591 517 2652 repone.
567 2568 639 2653 Ego
666 2571 797 2633 interim
828 2569 878 2633 vel
899 2571 987 2658 'tales
1019 2574 1090 2633 tuas
1119 2569 1242 2633 litteras
1270 2593 1394 2634 mecum

254 2672 398 2757 gestabo
443 2669 541 2753 Vale,
565 2670 644 2734 mihi
666 2671 786 2735 1111111
813 2671 1071 2736 iucundissime⁸.
1123 2671 1322 2755 Quamquam
1347 2673 1394 2735 ita

253 2795 303 2837 me
326 2774 374 2836 dis
397 2773 523 2855 potius⁹
546 2772 651 2835 dicere
674 2776 814 2855 oportet,
837 2794 914 2836 narn
929 2777 965 2837 tu
981 2774 1109 2857 quidem
1128 2775 1282 2856 ¹⁰semper
1305 2797 1393 2858 aves3

253 2897 272 2937 0
294 2874 348 2958 qui
370 2873 486 2956 ubique
509 2873 585 2936 estis
608 2873 640 2936 di
662 2873 749 2956 boni,
773 2874 881 2937 valeat
902 2896 957 2937 oro
979 2896 1068 2938 meus
1090 2873 1210 2939 Fronto
1233 2873 1394 2940 iucundis-

249 3074 252 3080 ’
324 3070 337 3113 1
355 3060 489 3127 Loquitur
506 3059 615 3113 Marcus
634 3059 668 3113 de
686 3060 835 3114 Frontonis
853 3061 1008 3126 arthritide,
1031 3062 1107 3114 carius
1125 3078 1209 3130 saepe
1227 3063 1332 3116 mentio
1351 3065 1397 3116 est

252 3147 282 3199 in
300 3146 376 3200 hisce
394 3144 527 3215 epistulis,
545 3162 669 3199 necnon
687 3145 762 3213 apud
778 3145 986 3199 Artemidorum
1004 3145 1038 3198 de
1057 3162 1143 3200 somn.
1161 3146 1206 3199 lV.
1221 3152 1261 3199 24.
1290 3146 1395 3201 Gellius

254 3233 349 3285 autem
370 3230 405 3284 Π.
423 3234 455 3283 26
482 3228 585 3282 diserte
612 3230 710 3283 narrat
733 3246 762 3283 se
784 3228 912 3284 invisisse
934 3229 1104 3283 Frontonem
1127 3231 1253 3284 nostrum
1275 3231 1394 3300 pedibus

254 3333 376 3384 aegrum.
408 3319 503 3369 Maias.

320 3407 336 3453 2
353 3399 442 3453 Maius
459 3415 608 3468 perperam
625 3399 696 3467 legit
712 3411 807 3467 posset.

321 3492 336 3538 3
354 3485 408 3537 Pro
418 3487 537 3548 cruribus,
549 3499 621 3550 quae
630 3482 750 3536 Iacobsii
763 3482 923 3536 coniectura
935 3485 986 3548 est,
996 3484 1086 3537 Maius
1098 3484 1127 3535 in
1137 3484 1238 3539 Codice
1251 3502 1280 3539 se
1292 3485 1395 3553 legisse

252 3570 372 3623 testatur
389 3572 514 3627 domitum
534 3583 633 3620 revera
655 3568 698 3619 est
721 3568 834 3620 OGCllB.
857 3567 907 3621 sed
925 3567 995 3621 duae
1013 3568 1119 3637 primae
1139 3569 1249 3623 litterae
1271 3570 1395 3624 incertae

253 3655 325 3707 sunt.
368 3654 401 3706 cf.
420 3650 508 3719 Epist.
533 3651 570 3704 ad
587 3649 692 3703 Verum
708 3650 729 3703 Ι.
743 3657 767 3703 3.
815 3651 966 3705 Praeterea
987 3651 1088 3706 Maius:
1112 3674 1186 3707 cursu
1208 3668 1237 3718 (1)
1243 3697 1306 3709 .....
1331 3673 1394 3708 cunr

253 3738 344 3807 spatio
364 3737 483 3804 quatuor
505 3734 549 3788 vel
572 3734 693 3802 quinque
715 3733 887 3788 litterarum:
905 3737 1000 3803 itaque
1022 3754 1079 3790 non
1101 3738 1202 3791 suffieit
1220 3738 1294 3804 quod
1317 3738 1396 3792 dedit

253 3828 372 3878 maximo.
405 3819 439 3872 In
457 3817 557 3872 Codice
580 3817 761 3887 distinguitur
784 3817 893 3873 COl...
918 3821 993 3887 quod
1011 3820 1167 3875 CONCITC
1199 3839 1259 3885 esse
1282 3823 1395 3889 conieci,

253 3906 286 3958 cf.
305 3906 401 3959 Front,
420 3904 455 3957 de
473 3902 590 3957 oration.
610 3901 684 3968 init.;
712 3904 787 3969 quod
804 3906 833 3957 [C
851 3906 1073 3973 suprascribitur,
1095 3900 1217 3973 pertinet
1235 3907 1271 3959 ad
1288 3907 1395 3961 variam

253 3990 401 4043 lectionem
418 4008 517 4055 mapno.
553 3986 703 4055 Sequentia
726 3988 854 4043 obseura,
867 3990 943 4042 srmt:
967 3990 1041 4058 quod
1058 3990 1147 4043 Maius
1170 3991 1348 4060 suppleverat
1366 3996 1394 4053 0,

164 4136 173 4144 ,
253 4075 329 4127 11111
346 4073 450 4141 legitur
466 4073 495 4124 in
514 4070 623 4125 Codice.

322 4158 458 4227 elneipit
476 4155 542 4209 Cod.
560 4143 688 4210 Ambros.
708 4174 736 4225 p.
750 4163 791 4212 94.

322 4243 385 4297 1111.
404 4248 479 4296 illico.
506 4239 661 4295 Cramerus.
696 4241 733 4294 Et
750 4248 835 4297 nescr‘o
854 4249 985 4311 quomodo.
1014 4245 1164 4298 lacobsius.

322 4332 337 4379 6
356 4327 389 4380 cf.
409 4326 446 4380 ad
462 4324 499 4377 M.
520 4324 598 4379 Caes.
618 4324 649 4378 V.
663 4332 687 4380 3.

321 4416 335 4464 7
355 4415 386 4465 Si
402 4409 521 4464 deestin
535 4409 643 4464 Codice.
662 4410 751 4464 Maius
761 4412 908 4480 supplevit.
933 4412 1025 4467 Possis
1039 4431 1162 4481 quoque:
1180 4421 1217 4468 ad
1233 4435 1297 4483 quas
1313 4436 1395 4484 aquas

251 4502 435 4564 proficiscaris.

320 4587 336 4635 8
355 4580 459 4635 Codex:
478 4587 679 4636 iucundissimae.

320 4664 459 4719 aCodex:
478 4672 624 4735 dispositus.
661 4666 787 4720 Correxit
803 4665 986 4722 Heindorfius.
1065 4677 1068 4682 '
1361 4735 1364 4740 ³

305 4756 336 4804 10
353 4750 385 4801 ln
403 4748 502 4805 Codice
519 4752 663 4821 perierunt
684 4751 782 4805 verba:
805 4772 907 4821 semper
928 4774 1002 4806 aves:
1027 4758 1087 4806 tum
1109 4753 1212 4822 legitur
1229 4758 1250 4819 Q
1268 4761 1393 4825 probique,

253 4833 303 4889 sed
319 4834 410 4903 prima
427 4834 521 4889 littera
537 4835 644 4889 incerta
663 4838 712 4888 est.
743 4836 814 4889 Illud
833 4857 891 4893 aves
909 4855 964 4891 non
981 4853 1094 4905 prorsus
1112 4837 1247 4906 intelligo.
1279 4841 1322 4893 An
1340 4858 1392 4909 pro

252 4924 320 4981 abes,
338 4920 369 4971 ut
387 4919 453 4972 alibi
469 4926 524 4975 civo
541 4936 592 4988 pro
611 4924 684 4974 cibo?
