3300 6050
591 880 790 936 errsrooxx
809 879 986 969 errrore.
1228 868 1230 873 ’
1294 882 1358 946 249

216 1057 317 1122 αἰτίαν
340 1055 438 1119 αὐτὸ(
461 1054 664 1136 ὑποβάλλων.
710 1054 748 1118 Οἱ
769 1055 827 1132 μὲν
849 1054 927 1133 γάρ,
952 1053 997 1117 ῶε
1019 1055 1055 1118 εὺ
1079 1057 1154 1138 φῄε,
1176 1052 1278 1118 ἄλλον
1301 1052 1357 1116 άλ-

161 1209 164 1213 .
217 1162 276 1223 λου
299 1158 500 1237 προτιθέαειν
530 1157 561 1221 οἱ
583 1157 662 1221 κατὰ
684 1158 835 1236 διαθήκαε
857 1155 1072 1235 χαριζόμενοι·
1107 1157 1187 1237 φημὶ
1209 1158 1247 1235 δὴ
1270 1157 1358 1235 παρὰ

215 1261 342 1326 τούτων
375 1259 546 1340 λαμβάνειν
575 1260 754 1338 προεήκειν.
801 1257 839 1322 Οἱ
867 1259 902 1321 δ’
925 1257 964 1321 αιί
987 1262 1122 1337 ζῶντεε,
1150 1258 1195 1322 ῶε
1224 1259 1260 1322 εὐ
1283 1260 1357 1342 φῄε,

217 1363 342 1428 ἑαυτῶν
364 1362 440 1426 τοὺ(
463 1361 594 1442 φίλουε,
620 1359 668 1425 οἶε
690 1360 883 1441 χαρίζονται,
908 1365 1116 1439 προτιμῶειν·
1151 1363 1195 1424 δι’
1218 1361 1297 1424 αὐτὸ
1322 1362 1358 1425 δέ

216 1469 313 1530 τοῦτο
336 1465 415 1545 φημί
442 1467 509 1528 δεῖν
532 1463 571 1527 τά
597 1462 787 1541 πεμπόμενα
808 1464 849 1541 μὴ
873 1462 1063 1542 προείεεθαι.
1111 1464 1195 1541 Βαρὺ
1218 1465 1279 1541 γὰρ
1303 1461 1357 1527 ὄν-

216 1587 281 1632 τωε
302 1567 352 1630 καὶ
375 1565 590 1644 ὑπεροπτικὸν
612 1566 662 1629 καί
684 1564 894 1646 τυραννικόν,
921 1563 966 1627 ῶε
989 1563 1132 1642 ἀληθῶε,
1155 1565 1192 1628 τὸ
1215 1566 1358 1644 δέχεεθαι

216 1672 274 1734 τὰ(
295 1668 445 1733 τοιαύταε
466 1667 681 1749 προτιμήεειε,
711 1667 746 1732 έν
769 1666 819 1731 αἰε
848 1667 867 1731 ὁ
896 1673 995 1745 τιμῶν
1019 1667 1130 1745 ἕτερον
1153 1667 1251 1745 δῆλόε
1274 1669 1356 1732 έετιν

217 1771 314 1835 αὐτὸ(
337 1770 436 1835 αὑτὸν
460 1769 619 1848 ἀτιμάζων
642 1771 693 1833 καὶ
716 1770 751 1836 έν
767 1770 907 1850 δευτέρῳ
922 1770 1016 1833 τιθεὶε
1030 1773 1088 1832 τοῖι
1105 1770 1359 1848 προτιμωμένου.

218 1872 301 1938 Οὐδὲ
328 1872 389 1951 γὰρ
417 1871 519 1937 ἵππον
543 1871 697 1952 ἀναβαίην
720 1871 777 1943 άν,
805 1871 868 1952 ἀφ’
892 1869 930 1934 οὗ
954 1872 1092 1951 καταβὰε
1115 1871 1212 1935 αἰιτόε
1240 1892 1285 1935 τιε
1308 1873 1359 1935 καί

217 1973 365 2056 βαδίζων,
389 1974 443 2052 ἐμὲ
465 1977 501 2038 δέ
522 1973 708 2041 ἱππάζεεθαι
731 1972 846 2051 ἀξιοίη·
870 1973 947 2037 οὐδὲ
966 1973 1001 2037 έν
1025 1972 1148 2054 θεάτρῳ
1171 1974 1357 2053 καθεζοίμην

217 2077 287 2158 ἀν’,
312 2075 413 2139 ἄλλου
441 2097 494 2154 μοι
516 2075 787 2159 ὑπανιεταμένου,
809 2075 897 2141 ,οὐδὲ
923 2075 1047 2153 ἱμάτιον
1077 2074 1224 2154 δεξαίμην
1254 2076 1293 2140 ἀν
1322 2076 1357 2141 έν

122 2225 125 2230 ·
217 2181 375 2258 χειμῶνοε
392 2176 478 2260 ὥρᾳ,
501 2177 590 2242 εἰτιε
605 2177 829 2257 ἀποδυόμενοε
855 2169 1007 2262 λῖῥιγῴη3
1029 2178 1086 2255 μέν
1110 2176 1224 2253 αὐτόε,
1247 2177 1301 2255 ἐμὲ
1324 2178 1359 2241 δὲ

217 2280 418 2360 ἀμφιεννύοι.
464 2279 661 2360 Οἰκειότεροε
687 2280 749 2360 γάρ
778 2280 876 2344 αὐτὸ(
904 2280 1034 2344 έκαετοε
1061 2278 1147 2364 αὑτῷ
1179 2281 1229 2344 καί
1251 2299 1359 2359 προτι-

217 2385 328 2462 μᾶεθαι
350 2382 431 2459 πρόε
454 2381 553 2446 αὑτοῦ
576 2382 780 2461 δικαιότεροε.
1037 2391 1040 2395 ’

302 2485 370 2569 Φῂε
392 2485 427 2548 δὲ
449 2483 535 2550 ξένια
557 2486 596 2564 μὴ
620 2484 795 2563 πέμπεεθαι
817 2489 911 2550 θεοῖε.
942 2486 984 2549 Ἣ
1002 2483 1074 2564 οὐχὶ
1096 2485 1182 2550 ξένια
1204 2482 1262 2548 τά4
1285 2505 1382 2563 ψαι-ι

219 2588 287 2663 ετά,
309 2587 443 2652 πόπανα
465 2587 515 2650 καὶ
537 2582 594 2650 ’τὸῖ
616 2587 685 2666 μέλι
714 2589 765 2652 καὶ
793 2587 811 2651 δ
844 2586 935 2652 οἷνοε
964 2587 1208 2672 ᾧεπένδομεν;
1236 2585 1282 2651 ῶε
1310 2587 1361 2650 καὶ

217 2691 255 2754 τὸ
277 2688 360 2767 γάλα
382 2690 431 2752 καὶ
454 2689 493 2753 τά
517 2688 681 2768 επλάγχνα
703 2690 742 2754 τὰ
757 2693 823 2756 τῶν
846 2690 987 2769 ἱερείων·
1010 2690 1060 2753 καὶ
1082 2689 1100 2753 ὁ
1124 2689 1303 2770 λιβανωτὸε
1325 2690 1360 2753 δὲ

182 2782 185 2789 “
217 2794 325 2859 ξένιον
346 2795 431 2855 θεοῦ.

303 2894 410 2958 Ταιῖτα
437 2894 493 2971 μὲν
521 2894 604 2973 πρόε
631 2894 671 2958 τὰ
698 2893 762 2958 ὑπὸ
791 2899 849 2958 coo
884 2901 995 2975 εοφῶε
1023 2895 1074 2958 καὶ
1100 2897 1247 2959 πιθανῶε
1274 2893 1360 2959 πάνυ

218 2995 378 3075 δημοείων
406 3016 440 3060 τε
469 2995 519 3059 καὶ
546 2994 640 3061 θείων
669 2996 719 3060 καὶ
747 3000 906 3074 διαθηκῶν
930 2996 1001 3075 πέρι
1023 2996 1248 3076 προτεθέντων
1271 2997 1361 3062 ἐνθυ-

218 3099 349 3175 μήματα.
395 3097 441 3161 Τά
463 3099 498 3161 δέ
520 3098 604 3177 παρ’
626 3098 704 3174 ἐμοῦ
727 3101 826 3160 ταῦτα
848 3097 981 3176 εἰρήεθω
1003 3098 1055 3162 διὰ
1071 3098 1249 3178 βραχέωνῖ.
1279 3100 1361 3163 Ὅεα

219 3198 315 3264 αἰτεῖν
339 3199 468 3263 ἀναιδέα
491 3199 541 3261 καί
564 3200 751 3278 φιλοκερδέε
775 3198 825 3261 καὶ
840 3198 1078 3277 πλεονεκτικόν,
1101 3204 1200 3264 ταῦτα
1215 3202 1265 3263 καὶ
1280 3202 1361 3280 παρ’

219 3299 350 3365 ἑκόντοε
373 3301 543 3380 λαμβάνειν
566 3300 686 3378 δμοὶωε
709 3300 861 3365 ἀναιδοῖιε
887 3301 976 3365 τινόε
997 3302 1048 3365 καὶ
1070 3303 1282 3381 φιλοκερδοῖιε
1305 3301 1361 3367 ἀν-

140 3436 142 3440 ’
218 3403 296 3481 δρὸε
318 3403 368 3466 καὶ
390 3401 601 3468 πλεονέκτου·
625 3401 721 3467 αἰτεῖν
744 3403 778 3466 δέ
793 3424 830 3478 γε
852 3404 892 3467 τὰ
914 3404 1036 3480 μεγάλα
1058 3403 1195 3480 ἀναιδέε,
1217 3405 1302 3468 πολὺ
1325 3406 1361 3469 δὲ

218 3504 339 3583 μᾶλλόν
362 3526 399 3580 γε
422 3506 601 3586 λαμβάνειν.
647 3505 704 3569 Καὶ
731 3506 828 3570 οὐδὲν
858 3506 1022 3584 διήνεγκεν
1051 3505 1077 3570 εἰ
1104 3507 1185 3585 παρ’
1208 3506 1360 3571 ἑκόντοε7

219 3606 374 3686 λαμβάνοι
407 3627 454 3671 τιε
476 3658 490 3675 .,
499 3656 621 3670 ......
628 3606 640 3646 8
673 3607 694 3669 ἃ
727 3608 804 3671 τοὺε
837 3608 894 3686 μέν
929 3607 1116 3685 πέμποντα(
1149 3610 1360 3688 πενεετέρουε

203 3789 206 3796 ’
305 3798 317 3845 1
338 3791 438 3846 Omisit
454 3791 551 3859 Maiae,
571 3791 693 3847 sednon
711 3791 812 3846 desunt
829 3791 859 3845 in
877 3790 978 3846 Codice
996 3792 1123 3861 vestigia.

305 3882 320 3929 θ
338 3875 439 3946 Incipit
457 3875 524 3931 Cod.
541 3895 569 3945 p.
590 3881 646 3931 143.

303 3967 318 4014 3
336 3960 425 4015 Maius
442 3961 512 4030 legit
529 3979 638 4030 ριπωη,
657 3961 761 4015 amicus
778 3980 897 4031 ρειπωη.
923 3961 1050 4017 Correxit
1066 3962 1214 4017 Ieoobsius.

303 4051 320 4098 4
338 4040 398 4099 Om.
418 4044 516 4100 Maius.
735 4051 743 4062 '

304 4134 319 4183 5
337 4130 489 4199 Perperem
505 4130 594 4184 Maius
611 4149 652 4186 τε.
683 4130 811 4191 Correxit
829 4132 977 4187 Iacobsius.
1013 4132 1202 4189 Memorabilis
1220 4133 1264 4187 est
1281 4132 1359 4188 Codi-

219 4212 258 4267 cis
275 4214 358 4268 lectio
376 4217 607 4282 όεπενδόμενοε.

304 4306 320 4353 6
339 4298 406 4353 Cod.
427 4301 596 4367 ΒΒΑΧΕΩΝ,
613 4299 740 4355 immixto
755 4300 853 4356 lietera
869 4302 965 4357 latine.

305 4389 319 4437 7
339 4382 444 4436 Codex:
466 4386 648 4452 παρέχοντοε,
667 4385 742 4452 quod
758 4386 854 4440 tuetur
870 4386 1019 4442 Ieoobsiue.

303 4474 319 4521 8
336 4466 425 4521 Maius
441 4467 472 4521 in
488 4469 619 4523 leounoso
636 4470 698 4524 loeo
716 4487 816 4538 perum
833 4471 975 4525 accurate:
1003 4474 1139 4538 λαμβάνοι
1156 4490 1198 4527 τιε
1216 4476 1233 4539 ἢ
1252 4474 1310 4528 ἀπὸ
1328 4516 1333 4526 .
1352 4516 1358 4527 .

219 4595 226 4605 .
247 4596 252 4605 .
272 4553 361 4607 αἰτεῖν
380 4554 445 4606 οὐδὲ
463 4554 615 4619 λαμβάνειν
634 4596 639 4607 .
660 4596 666 4607 .
685 4556 758 4608 αὐτὰ
776 4557 854 4622 δῶρα
871 4558 944 4622 χρὴ.
965 4596 971 4609 .
989 4558 1095 4611 αἰιτοὺε
1114 4558 1164 4623 μέν
1182 4560 1357 4626 πέμπονταε,

219 4637 270 4691 cet.
306 4636 352 4690 Du
368 4637 440 4691 Rieu
457 4636 620 4715 descripsit:⁴

574 4777 580 4829 ι
600 4772 699 4857 ,ιλοι
719 4814 725 4825 .
743 4816 749 4827 .
768 4816 773 4827 .
792 4816 816 4854 ,ι
817 4815 928 4830 .....

422 4899 588 4915 .......
607 4860 927 4927 γτλι,.χ.......

422 4945 470 4997 τ.
490 4984 495 4995 .
516 4944 776 5001 κενιολιτευνλλ
795 4986 935 5000 ......
